3080 5242
200 58 744 82 w„
835 63 960 74 w
987 18 2830 90 WWWfflv-f
2884 20 2944 62 „2

1090 617 1174 632 .-
1258 580 1338 650 41
1426 616 1511 632 ..-

309 800 512 845 versus
555 798 860 864 pauperes
904 791 967 841 st
1006 780 1327 859 ignobiles.
1422 779 1630 863 Atque
1669 779 2089 841 accusatorum
2133 778 2315 838 vehe-

308 898 529 960 mentia
588 909 652 958 et
709 894 1153 959 vociferatione
1194 916 1392 978 paene
1447 896 1678 958 factum
1729 906 1854 973 est,
1915 907 1986 956 ut
2035 894 2314 986 Priamus

306 1011 761 1090 Alexandrum,
831 1008 1234 1072 certaminum
1286 1009 1585 1072 victorem
1651 1007 2035 1091 eundemque
2098 1007 2315 1069 ducem

306 1117 660 1207 ignobilium
706 1125 1026 1189 hominum
1056 1126 1275 1207 .capite
1334 1124 1674 1189 damnaret.
1776 1125 2016 1187 Horum
2073 1144 2316 1186 accusa·

306 1255 507 1305 torum
563 1241 789 1305 similes
839 1243 1090 1304 fuerunt
1145 1240 1480 1305 Alcibiadis
1531 1253 1912 1304 accusatores
1929 1283 1947 1316 ,
2009 1237 2121 1320 qui
2175 1256 2317 1298 eum

304 1357 439 1437 pari
499 1355 722 1420 ardore
781 1357 848 1420 in
905 1357 1122 1439 capitis
1173 1358 1519 1440 periculum
1587 1357 1969 1420 adducebant
1997 1352 2105 1435 ⁵⁴⁸).
2186 1355 2318 1416 Nec

308 1492 428 1535 non
465 1473 599 1555 ipse
639 1471 988 1536 Alcibiades
1028 1473 1225 1535 multa
1262 1472 1482 1536 habuit
1500 1519 1520 1552 ,
1575 1475 1642 1535 in
1700 1474 1924 1557 quibus
1981 1491 2119 1533 cum
2170 1472 2319 1532 Ale-

306 1584 544 1649 xandro
586 1587 853 1653 conferri
902 1600 1134 1669 posset.
1218 1587 1419 1665 Quem
1458 1609 1586 1650 non
1629 1591 1829 1651 solum
1883 1588 2161 1668 corporis
2222 1586 2317 1649 di-

306 1703 533 1783 gnitate
576 1706 915 1788 aequabat,
955 1704 1061 1766 sed
1099 1705 1286 1767 etiam
1331 1707 1646 1768 alacritate
1686 1707 1954 1787 ingenii,
2015 1704 2315 1767 sermonis

305 1818 635 1895 suavitate,
672 1818 862 1879 animi
904 1817 1268 1881 fortitudine
1312 1831 1376 1880 et
1416 1818 1691 1883 audacia.
1784 1821 2110 1880 Praeterea
2149 1818 2316 1880 Alci-

298 1926 503 1991 biades
544 1927 709 2010 apud
749 1932 1047 2030 populum
1118 1930 1317 2010 gratia
1371 1929 1553 1993 valde
1593 1943 1816 2012 potens
1856 1928 2313 2014 quodammodo

302 2038 431 2103 dux
471 2054 608 2102 erat
641 2021 1044 2123 plebeiorum,
1086 2064 1280 2126 quum
1320 2056 1703 2105 accusatores
1730 2048 1858 2120 ejus
1898 2064 1977 2105 ex
2009 2043 2313 2105 nobilium
2400 2121 2405 2126 .

299 2154 663 2216 factionibus
709 2168 928 2217 essent.
1013 2154 1181 2232 Quid
1236 2155 1406 2238 quod
1461 2155 1812 2218 Alcibiades
1868 2168 1932 2217 et
1976 2157 2108 2239 ipse
2150 2155 2313 2218 ludi-

298 2290 431 2331 cras
474 2269 762 2332 victorias
807 2283 1235 2350 reportaverat
1297 2293 1378 2333 ex
1417 2268 1748 2352 Olympiis.
1839 2272 1921 2333 Et
1966 2271 2311 2352 expeditio·

296 2385 397 2447 nis
438 2385 504 2446 in
548 2385 948 2468 longinquam
991 2398 1219 2448 terram
1261 2385 1682 2467 suscipiendae
1722 2398 1940 2447 auctor
1982 2388 2096 2448 hac
2134 2408 2204 2449 re
2247 2400 2313 2449 et

295 2501 436 2581 ipsa
465 2498 887 2562 Alexandrum
923 2471 1209 2583 aequavit
1238 2502 1501 2563 forsitan
1528 2518 1724 2584 aeque
1749 2501 2134 2582 perniciosus
2163 2502 2313 2564 civis

293 2613 556 2695 patriae,
598 2626 784 2696 atque
831 2614 938 2676 ille
964 2612 1075 2698 ⁵⁵).
1155 2612 1375 2697 Neque
1419 2627 1625 2676 tamen
1677 2614 2005 2697 Euripides
2043 2615 2314 2678 Alcibia-

290 2724 440 2787 dem
483 2726 823 2788 Alexandri
864 2747 1131 2808 persona
1159 2729 1342 2809 plane
1371 2730 1693 2809 expressit,
1736 2750 1936 2811 neque
1963 2730 2313 2810 exprimere

292 2841 519 2916 voluit,
561 2839 667 2902 sed
709 2842 851 2921 plus
893 2847 1023 2918 ejus
1064 2843 1384 2920 interfuit,
1432 2855 1502 2904 ut
1543 2841 1837 2921 judicium
1878 2841 1956 2903 de
1995 2840 2314 2902 Alcibiade

289 2954 575 3037 habitum
616 2966 680 3015 et
721 2974 966 3015 omnem
1013 2975 1225 3017 rerum
1284 2955 1674 3035 publicarum
1716 2966 1948 3016 statum
1998 2940 2083 3014 in*
2126 2953 2317 3038 simili

291 3090 366 3130 re
409 3066 810 3133 describenda
849 3071 1057 3133 verbis
1097 3071 1222 3134 suis
1264 3068 1580 3132 interdum
1624 3082 1920 3149 tangeret.

431 3182 562 3243 Nec
603 3203 731 3244 non
772 3185 980 3247 altera.
1007 3184 1355 3265 tragoedia,
1397 3187 1764 3263 Palamedes,
1802 3185 2163 3246 turbulenta
2202 3183 2313 3243 illa

288 3293 555 3372 judicia,
613 3315 773 3375 quae
813 3297 1182 3358 Hermarum
1235 3299 1689 3359 truncationem
1739 3309 1946 3358 secuta
2003 3307 2174 3372 sunt,
2217 3315 2317 3355 re-

289 3406 599 3489 spiciebat
653 3416 839 3487 atque
895 3398 1264 3469 illustrabat.
1385 3408 1776 3470 Palamedem
1847 3414 1967 3485 jam
2029 3407 2311 3488 Heynius

289 3522 557 3582 Excurs.
591 3496 718 3582 1V⁰*
759 3518 838 3580 ad
876 3520 1054 3599 Virg-
1098 3522 1255 3581 Aen.
1294 3522 1370 3582 11.
1398 3522 1749 3609 suspicatus
1791 3532 1887 3582 est
1921 3517 2087 3601 apud
2125 3521 2317 3601 tragi-

292 3655 404 3696 cos
444 3645 935 3715 repraesentasse
978 3633 1180 3695 virum
1222 3637 1469 3711 justum,
1513 3644 1912 3708 constantem,
1955 3631 2316 3714 sapientem,

290 3767 488 3829 quem
532 3747 694 3808 cives
735 3747 948 3821 injusti
990 3760 1052 3808 et
1093 3746 1320 3826 ingrati
1364 3765 1482 3825 pro
1545 3744 1857 3811 beneficiis
1912 3747 2176 3828 acceptis
2215 3748 2315 3809 in-

290 3863 459 3940 iuria
495 3874 558 3924 et
600 3861 1025 3924 maledicentia
1066 3875 1616 3945 persequerentur,
1676 3861 1925 3924 Ulixem
1982 3883 2130 3925 vero
2171 3885 2315 3944 per·

288 3998 508 4040 sonam
559 3978 829 4042 induisse
873 3978 1190 4060 demagogi
1251 3977 1615 4059 perniciosis
1656 3976 1890 4041 artibus
1951 3979 2312 4058 popularem

439 4216 538 4313 ss)
575 4243 659 4298 cf.
693 4243 921 4299 schoeni.
956 4243 990 4300 1.
1024 4243 1061 4299 1.
1096 4265 1149 4317 p.
1183 4247 1304 4302 11⁶.

439 4344 538 4412 55)
577 4344 635 4398 ln
671 4344 966 4400 Phoenissis
995 4365 1208 4419 quoque
1246 4345 1523 4418 Euripides
1552 4341 1878 4398 Alcibiadem
1917 4339 2152 4412 respicit.
