3080 5242
855 646 991 685 cum
1023 612 1281 685 Hecuba
1323 621 1706 698 cecinerunt,
1764 622 1829 681 in
1873 620 2238 682 orchestram
2303 618 2708 693 descendunt,
2762 623 2875 683 ubi

854 736 999 799 dum
1027 736 1270 798 ordines
1334 756 1483 798 suos·
1530 735 1877 815 instruunt,
1927 733 2224 816 parodum
2280 755 2494 797 canere
2547 735 2873 815 incipiunt,

858 874 915 913 v.
962 854 1083 913 197
1124 851 1217 933 s'q.
1340 854 1590 912 Praeter
1660 872 1758 913 eas
1833 853 2096 912 famulae
2145 852 2494 914 'nonnullae
2561 850 2624 909 in
2685 870 2871 911 scena

856 976 1026 1024 erant
1068 968 1245 1041 juxta
1288 964 1620 1041 Hecubam,
1660 984 1817 1046 quae
1858 983 2156 1043 personae.
2211 975 2414 1025 mutae
2456 984 2490 1024 e
2533 963 2732 1024 choris
2771 984 2871 1023 ce-

856 1091 1123 1141 terarum
1166 1080 1516 1140 fabularum
1574 1080 1758 1142 fuisse
1795 1072 2103 1141 videntur.
2208 1077 2373 1155 Quas
2425 1081 2648 1141 chorus
2708 1075 2874 1140 com-‘

862 1195 1056 1271 pellat
1097 1214 1158 1252 v·
1199 1195 1347 1253 462.

1107 1298 1405 1389 Ἑκάβης
1443 1306 1716 1389 γεραιοῖς
1759 1297 2077 1385 φύλακες,
2127 1297 2210 1370 οὐ
2259 1301 2598 1386 δεδόρκατε

1110 1418 1473 1485 δέσποιναν
1537 1413 1621 1491 ὥς
1667 1415 1958 1491 ἄναυδος
2004 1423 2068 1488 ἐς
2112 1415 2318 1483 πέδον
2364 1418 2611 1483 πίτνει.

856 1538 1173 1594 Praeterea
1217 1533 1629 1613 Talthybius,
1693 1520 1931 1614 quoties
1991 1533 2055 1591 in
2111 1552 2346 1591 scenam
2384 1532 2580 1607 venit,
2627 1534 2873 1595 comites

856 1648 1185 1708 nonnullos
1243 1643 1489 1704 adducit
1504 1642 1584 1720 9).
1686 1646 1813 1705 Alii
1885 1641 2363 1722 progrediuntur
2429 1665 2568 1705 cum
2631 1644 2873 1707 Andro-

858 1763 1109 1833 macha,
1163 1778 1319 1839 quae
1364 1779 1549 1817 curru
1597 1759 2106 1835 praetervehitur.
2207 1759 2334 1817 Nec
2391 1779 2511 1820 non
2555 1734 2871 1823 Menelaus

857 1875 1100 1935 comites
1142 1893 1343 1932 secum
1393 1875 1594 1947 habet,
1642 1893 1795 1954 quos
1840 1872 1907 1931 in
1949 1872 2283 1933 tentorium
2321 1874 2554 1953 ingredi
2595 1888 2656 1937 et
2685 1880 2873 1938 scele-

858 2000 1049 2047 ratam
1116 1988 1476 2066 protrahere
1524 1987 1694 2063 jubet
1737 1986 2068 2061 Helenam,
2124 2007 2183 2046 v.
2229 1988 2374 2047 883.
2472 1989 2870 2069 Talthybium

858 2103 1105 2162 comites
1144 2099 1433 2177 adjuvant
1475 2099 1860 2179 Astyanactis
1901 2118 2034 2159 ossa
2075 2098 2488 2177 sepelientem.

986 2214 1067 2273 V.
1106 2216 1293 2274 1147.
1336 2205 1527 2296 ἦμεῖς
1573 2217 1705 2295 μὲν
1753 2204 1902 2291 οὖν,
1943 2208 2108 2278 ὅταν
2152 2208 2611 2300 σύκοσμῆσῃς
2653 2216 2870 2294 νέκυν,

1283 2377 1288 2382 .
1345 2330 1473 2410 γῆν
1516 2319 1663 2411 τῷδ’
1691 2322 2232 2415 ἐπαμπισχόντες
2260 2320 2555 2409 ἀροῦμεν
2587 2325 2744 2411 δόρυ
2771 2327 2869 2413 ¹⁰).

858 2441 1075 2503 Iisdem
1114 2443 1223 2501 ille
1264 2442 1378 2499 sub
1419 2438 1604 2497 finem
1647 2439 1917 2504 fabulae,
1973 2436 2237 2515 mandat,
2281 2452 2346 2499 ut
2383 2439 2674 2521 reliquias
2707 2443 2870 2512 urbis

859 2551 1206 2613 incendant.
1290 2548 1515 2612 Omnes
1573 2551 1680 2611 bas
1735 2571 2024 2630 personas
2087 2563 2282 2610 mutas
2342 2553 2664 2615 verisimile
2706 2567 2796 2617 est
2835 2575 2866 2616 e

862 2667 1065 2728 choris
1110 2665 1490 2746 reliquarum
1517 2661 1974 2743 ‘tragoediarum
2021 2685 2145 2724 esse
2187 2663 2507 2727 adhibitae.

967 2782 1049 2859 3·
1134 2782 1221 2860 De
1263 2772 1562 2841 actoribuS.
1659 2778 2025 2842 Graecorum
2098 2779 2465 2859 tragoedias,
2497 2783 2591 2853 ,in
2650 2783 2869 2864 quibus

862 2892 1159 2950 maximae
1237 2893 1524 2969 fuerunt,
1611 2891 2032 2953 tantummodo
2094 2905 2218 2954 tres
2294 2907 2524 2955 actores
2597 2897 2869 2973 agebant.

866 3003 1047 3079 Quod
1093 3006 1204 3064 etsi
1248 3007 1439 3073 nostri
1480 3007 1849 3066 histrionum
1891 3004 2160 3082 magistri
2198 3007 2307 3067 vix
2349 3008 2628 3085 credent,
2672 3011 2722 3071 si
2763 3034 2868 3073 au-

863 3117 1066 3201 diant,
1127 3128 1325 3177 tamen
1384 3117 1658 3178 omnium
1711 3129 2025 3176 auctorum
2073 3139 2364 3181 consensu
2424 3123 2564 3182 satis
2612 3139 2868 3205 constat.

862 3233 1264 3293 Personarum
1295 3228 1558 3313 ,quidem
1598 3232 1662 3291 in
1712 3234 1992 3294 omnibus
2033 3235 2221 3296 ferme
2263 3237 2486 3298 fabulis
2528 3245 2723 3316 major
2757 3263 2871 3301 nu-

860 3365 1063 3405 merus
1108 3344 1258 3423 fuit,
1323 3366 1505 3426 quam
1550 3344 1762 3423 trium,
1826 3345 1931 3407 sed
1985 3349 2401 3431 unusquisque
2452 3361 2620 3412 actor
2661 3321 2871 3432 plures

1006 3553 1068 3615 9)
1107 3551 1171 3603 V.
1208 3555 1328 3606 294.
1365 3548 1432 3604 ἴτ’
1466 3551 1739 3613 ἓκκομίζειν
1774 3551 2096 3624 Κάσανδραν
2123 3553 2286 3624 χρεών

1358 3647 1475 3723 ὅσον
1508 3650 1760 3717 τάχιστα,
1795 3655 1977 3715 δμῶες.
2566 3718 2570 3722 .

1005 3747 1099 3816 10)
1137 3748 1521 3820 Harpocration
1566 3770 1615 3822 p.
1652 3754 1772 3807 688.
1811 3755 1980 3802 ταῦτα
2020 3757 2177 3820 φησὶν
2205 3756 2286 3804 ἐπὶ
2315 3756 2411 3805 τοῦ
2441 3760 2620 3818 βιαίως
2660 3753 2873 3808 ‹Iao-902-

865 3844 1056 3904 νόντος.
1140 3845 1370 3917 Ἴστρως
1408 3887 1628 3905 .....
1663 3847 1847 3917 γράφει
1893 3860 2075 3906 ταυτίε
2120 3856 2286 3917 „emta
2333 3856 2390 3904 δὲ
2437 3858 2518 3905 ἐπὶ
2559 3859 2655 3905 τοῦ
2700 3857 2870 3918 τάφου

867 3947 995 4019 δόρυ
1033 3946 1431 4017 καταπεπηγὸτα
1465 3946 1554 3999 τᾶν
1589 3946 1841 4018 Ἐρεχθέα
1877 3961 2018 4015 φασὶ,
2053 3961 2366 4025 πεποιῆσθαι
2403 3960 2459 4009 δὲ
2491 3967 2869 4026 παρακαταθέ-

865 4045 1009 4106 suanir
1044 4068 1098 4097 τε
1138 4053 1222 4098 καὶ
1268 4045 1329 4098 τι)
1364 4044 1537 4104 πάθος
1574 4060 1904 4117 σημαίνοντα.
1954 4052 2037 4106 διδ
2071 4053 2132 4106 ‘td
2167 4054 2375 4115 νόμιμον
2404 4051 2535 4107 εἶναι
2564 4072 2675 4115 τοῖς
2713 4082 2869 4126 προς-

865 4143 1041 4211 ἡκουσι
1085 4148 1269 4197 τοῦτον
1306 4143 1395 4196 ἰ’ὂι·
1435 4144 1625 4214 τρόπον
1660 4154 2000 4217 μετέρχεσθαι
2037 4151 2154 4210 ros-3·
2191 4156 2414 4213 ᾳ.υνὲιις.”
