3080 5242
1078 623 1175 654 ·--
1262 609 1516 672 25-

289 801 436 864 dum
479 804 586 864 ille
629 804 696 863 in
739 803 1004 866 vinculis
1048 815 1176 881 est,
1238 825 1355 885 per
1398 825 1608 866 omnes
1657 817 1854 865 terras
1898 823 2077 864 nemo
2119 803 2309 863 mori-

289 930 428 992 tur,
472 929 542 977 ut
567 914 764 978 Orcus
805 938 918 978 nec
958 929 1236 978 mortuos
1279 917 1539 998 accipiat
1568 938 1770 999 neque
1812 917 2084 977 inferias.
2147 917 2310 988 Tan-

290 1031 431 1094 dem
476 1053 670 1114 quum
707 1037 829 1109 jam
883 1033 1037 1093 ferri
1091 1052 1214 1093 non
1277 1045 1513 1114 posset,
1576 1033 1710 1115 ipse
1767 1031 1961 1097 Orcus
2003 1033 2069 1094 in
2112 1044 2308 1095 terras

287 1150 629 1228 profectus
655 1145 972 1214 Θάνατον
1029 1149 1290 1213 vinculis
1347 1151 1572 1212 liberat
1629 1162 1693 1211 et
1734 1150 2069 1232 Sisyphum
2112 1149 2310 1211 domi·

301 1273 438 1322 tum
482 1262 573 1321 illi
616 1260 1039 1322 abducendum
1080 1261 1294 1326 tradit.

456 1407 630 1468 Hanc
672 1408 945 1468 fabulam
997 1407 1229 1488 excipit
1295 1410 1525 1486 altera,
1583 1429 1770 1490 quam
1811 1402 2153 1490 Aeschylus
2200 1408 2310 1472 Σι-

286 1516 476 1609 σύφῳ
541 1523 874 1612 δραπέτῃ,
943 1523 1220 1584 dramate
1288 1523 1604 1604 Satyrion,
1663 1524 1985 1604 expressit.
2083 1522 2309 1584 Mortis

285 1638 713 1699 necessitatem
790 1611 1006 1701 videns
1081 1638 1386 1720 Sisyphus
1460 1638 1761 1718 Meropae
1833 1638 2018 1699 uxori
2090 1635 2307 1698 'callide

285 1752 592 1831 imperat,
643 1765 716 1814 ut
775 1773 1000 1835 corpus
1056 1775 1235 1815 suum
1294 1750 1687 1814 inhumatum
1736 1753 1998 1814 omittat.
2091 1755 2307 1836 Itaque

283 1877 431 1945 post
471 1877 735 1926 mortem
776 1864 855 1927 ad
895 1867 1129 1927 inferos
1172 1865 1346 1928 veuit
1376 1865 1535 1926 nihil
1568 1872 1874 1944 justorum
1908 1877 2142 1927 nactus.
2206 1868 2309 1927 In-

285 1978 471 2040 ferias
528 1979 989 2060 praetermissas
1042 1977 1238 2043 Orcus
1295 1979 1428 2060 ipse
1487 1977 1679 2042 videt.
1778 1980 1938 2040 Tum
2003 1968 2306 2061 Sisyphus

283 2094 461 2155 vafer
499 2114 758 2154 uxorem
816 2093 1086 2173 graviter
1146 2092 1431 2154 incusans
1488 2093 1567 2153 ab
1627 2092 1739 2152 illo
1799 2092 2192 2172 impetravit,
2238 2104 2306 2153 ut

284 2207 405 2270 sibi
448 2206 830 2290 aliquamdiu
869 2209 939 2268 in
978 2220 1179 2269 terras
1212 2206 1418 2268 redire
1458 2207 1677 2268 liceret
1715 2208 1930 2267 uxoris
1958 2205 2306 2284 puniendae

284 2342 483 2382 causa.
567 2322 654 2381 At
707 2321 774 2380 in
828 2322 1029 2380 lucem
1085 2316 1288 2380 redux
1330 2317 1516 2380 fidem
1561 2318 1894 2380 frustratus
1946 2317 2023 2378 ad
2074 2320 2305 2381 inferos

280 2454 412 2495 non
452 2433 746 2509 revertit,
787 2430 895 2493 sed
936 2452 1037 2493 res
1079 2452 1217 2494 suas
1261 2452 1475 2493 secure
1517 2433 1769 2510 agebat,
1821 2429 2015 2492 donec
2060 2432 2307 2492 Mercu-

278 2549 441 2629 rius,
479 2549 760 2610 omnium
801 2546 1106 2626 domitor,
1171 2568 1313 2609 eum
1353 2547 1582 2607 iterum
1621 2544 1701 2607 ad
1742 2547 1975 2609 inferos
2025 2544 2303 2610 abduxit.

456 2693 613 2755 Cum
654 2692 751 2753 his
792 2691 1017 2753 fabulis
1052 2690 1336 2752 Herculis
1372 2710 1701 2771 personam
1747 2703 1882 2752 non'
1915 2712 2094 2773 posse
2140 2713 2305 2755 com·

283 2807 465 2872 mode
509 2806 818 2869 conciliari
863 2817 1143 2887 apparet.
1227 2805 1450 2887 Neque
1491 2804 1823 2886 Euripides
1865 2806 2152 2886 Aeschyli
2199 2827 2314 2898 ve-·

281 2923 467 3002 stigia
509 2922 686 3002 sequi
727 2921 993 2998 amavit,
1051 2921 1243 2983 immo
1291 2919 1446 2981 adeo
1489 2920 1748 2996 vitavit,
1812 2931 1916 2997 ut,
1976 2942 2132 3004 quae
2192 2922 2300 2982 ille

283 3047 642 3115 argumenta
709 3036 1122 3112 tractavisset,
1202 3054 1366 3098 novo
1429 3034 1617 3096 modo
1676 3035 1997 3096 elaborare
2059 3037 2301 3097 soleret.

285 3146 495 3225 Quare
556 3146 992 3210 revertendum
1054 3160 1146 3209 est
1203 3147 1279 3209 ad
1332 3147 1625 3210 Schoellii
1678 3148 2003 3209 rationem.

1197 3374 1244 3453 ἕ.
1331 3381 1389 3439 7.

684 3510 787 3573 De
834 3507 1205 3595 tetraloqz'ci
1247 3531 1463 3574 nexus
1506 3510 1907 3599 conjectura.

458 3672 913 3750 Tetralogieum
956 3692 1185 3732 nexum
1227 3673 1290 3732 h.
1334 3693 1385 3732 e.
1438 3685 1942 3752 argumentorum
1984 3675 2302 3756 perpetui-

282 3796 479 3845 tatem
520 3783 662 3844 huic
718 3782 1080 3845 didascaliae
1131 3784 1387 3845 Troicae
1429 3783 1757 3865 Adelphus
1801 3785 2141 3850 Schoellius
2186 3788 2299 3849 tri-

280 3899 443 3961 buit.
528 3895 651 3972 Qui
697 3896 766 3957 in
824 3918 898 3958 eo
953 3897 1145 3975 libro,
1201 3919 1385 3979 quem
1431 3896 1507 3959 de
1550 3899 1886 3979 tetralogiis
1945 3900 2296 3982 Euripideis

283 4027 347 4076 et
407 4012 765 4094 Sophocleis
830 4013 1075 4094 scripsit
1093 4010 1216 4097 3⁷),
1275 4014 1547 4095 primum
1602 4017 1939 4077 sententiae
1997 4017 2293 4077 unitatem

296 4168 393 4175 ”⁴

390 4242 481 4303 37)
518 4238 617 4293 Cui
653 4240 790 4294 libro
826 4239 915 4295 hie
944 4251 1023 4296 est
1059 4241 1264 4296 titulus:
1300 4242 1540 4316 Beitr‘a'ge
1572 4262 1664 4298 zur
1692 4240 1998 4298 Geschiohte
2026 4241 2120 4295 der
2153 4242 2293 4312 grie-

282 4340 529 4396 chischen
568 4340 750 4395 poesie
784 4340 948 4398 Th.1.
984 4341 1110 4398 B.1.
1151 4342 1328 4396 Berlin
1366 4345 1524 4397 1839.
