3080 5242
658 1474 1379 1560 PRAEFATIO.

188 1815 326 1888 Car.
396 1813 788 1889 odofredus
857 1816 1258 1904 Muellerus,
1315 1812 1508 1910 cujus
1572 1810 2025 1912 praeceptoris

36 1934 261 2033 optimi
313 1933 653 2009 caritatem
705 1937 972 2010 nonnisi
1029 1965 1179 2010 cum
1226 1935 1356 2007 vita
1403 1961 1661 2022 exuam,
1708 1931 1778 2001 in
1827 1930 2027 2002 scho-

30 2049 112 2124 lis
164 2053 244 2126 de
294 2054 704 2129 Graecorum
760 2058 1015 2155 tragica
1067 2074 1205 2132 arte
1240 2054 1489 2128 habitis
1540 2077 2025 2152 saepenumero

26 2171 367 2273 Euripidis
404 2174 710 2249 Troades
740 2176 1134 2250 monstravit
1165 2193 1485 2274 tanquam
1526 2171 1823 2246 fabulam
1859 2171 2025 2244 mire

16 2291 494 2389 compositam,
561 2293 632 2366 in
695 2321 829 2394 qua
893 2294 1178 2367 maxime
1246 2293 1458 2365 exitus
1532 2289 2029 2362 desideraretur

15 2428 414 2506 argumento
462 2429 971 2487 consentaneus.
1089 2411 1300 2509 Quod
1373 2409 1618 2482 summi
1670 2408 1850 2480 illius
1902 2408 2023 2478 viri

7 2528 367 2627 judicium,
420 2531 807 2633 quicunque
858 2533 1159 2606 Troades
1203 2530 1457 2628 legerit,
1505 2528 1723 2601 statim
1780 2526 2024 2600 confir-

0 2649 223 2722 mabit
300 2679 581 2726 assensu
642 2681 789 2725 suo.
908 2652 1117 2749 Quod
1189 2650 1644 2726 consideranti
1709 2649 1875 2722 mihi
1947 2678 2023 2723 ac

0 2772 368 2868 reputanti,
413 2773 756 2872 quomodo
803 2770 917 2847 illa
969 2771 1334 2871 singularis
1379 2770 1779 2870 compositio
1814 2769 2024 2869 expli·

0 2886 140 2959 cari
195 2908 445 2988 posset,
493 2919 701 2991 quum
753 2891 1060 2965 Troades
1132 2919 1283 2965 cum
1336 2888 1725 2962 Alexandro
1776 2906 1838 2960 et
1891 2889 2021 2959 Pa-

2 3003 302 3095 sarnede,
353 3009 539 3108 quod
604 3027 967 3109 utrumque
1041 3027 1512 3107 argumentum
1563 3009 1717 3080 item
1773 3007 1861 3079 ad
1914 3034 2020 3079 res

0 3125 285 3198 froicas
337 3145 703 3226 spectaret,
749 3129 1149 3228 conjunctas
1200 3129 1409 3201 {uisse
1460 3156 1537 3200 ex
1582 3126 1867 3199 Aeliano
1912 3126 2018 3198 iu-

2 3241 405 3341 elligerem,
453 3247 524 3319 in
587 3266 873 3321 mentem
942 3247 1160 3336 venit,
1213 3249 1282 3320 in
1340 3244 2011 3344 trilogicam'harum

0 3348 384 3436 ’abularum
437 3366 764 3438 rationem
811 3367 1172 3466 inquirere,
1222 3386 1316 3453 ut,
1367 3367 1423 3439 si
1478 3365 1644 3466 quid
1699 3363 1859 3437 inde
1909 3363 2016 3438 lu-

2 3482 80 3553 is
153 3483 553 3556 Troadibus
618 3485 885 3556 assundi
939 3504 1201 3583 posset,
1279 3485 1652 3585 periculum
1708 3484 2016 3556 facerem.

5 3604 148 3672 ffiox
199 3601 601 3729 Adolphpm
655 3602 1089 3690 Schoelliunn,
1144 3604 1358 3677 virum
1413 3603 1900 3687 doctissimum,
1944 3601 2016 3673 iu

11 3719 205 3804 bro,
280 3747 484 3819 quem
555 3722 934 3822 inscripsit:
1001 3727 1361 3817 Beitrc’ige
1423 3749 1581 3839 zur·
1628 3724 2017 3805 Alis-chen

3 3840 830 3932 xteramrgesclziclzte,
881 3838 1159 3913 eandem
1219 3839 1387 3911 viam
1439 3839 1817 3935 inffiessum
1872 3866 2014 3912 esse

4 3955 164 4037 idi,
223 3973 306 4027 ut
362 3982 439 4027 ex
488 3955 793 4054 trilogica
846 3959 1330 4058 compositione
1388 3956 1692 4056 singulas
1751 3957 2015 4032 fabulas

0 4075 389 4148 lustraret.
492 4078 722 4177 Itaque
773 4080 1072 4154 studiose
1123 4080 1329 4179 hujus
1383 4080 1654 4177 vestigia
1711 4107 2013 4177 premere

2 4196 214 4293 ›epi‚
286 4212 519 4295 utpote
584 4203 699 4297 qui
771 4201 858 4273 ad
925 4201 1212 4276 eundem
1298 4231 1578 4302 scopum
1654 4199 2014 4274 tenderem.

4 4315 355 4388 :nimvero
408 4316 478 4388 in
533 4318 756 4391 medio
808 4319 1063 4407 itinere,
1106 4322 1525 4397 dubitatione
1574 4340 1741 4408 orta,
1796 4324 1880 4396 ab
1912 4352 2011 4409 eo,

2 4463 179 4509 tem
222 4434 479 4508 ducem
527 4436 878 4535 elegeram,
922 4441 1223 4517 discessi.
1327 4442 1488 4539 Quo
1538 4441 1793 4513 diutius
1833 4441 2008 4512 enim
