3080 5242
900 797 1010 860 est,
1051 784 1259 843 ambos
1290 781 1370 863 ‚in
1412 777 1798 864 θεολογείῳ,
1857 771 2024 856 quod
2099 789 2284 849 super
2344 764 2605 827 mediam
2671 774 2922 842 portam

906 908 1070 973 erat,
1114 894 1501 975 constitisse.
1617 891 1914 972 Reliquae
1976 905 2273 968 personae
2336 882 2529 942 ferme
2600 899 2825 940 omnes
2886 899 2919 938 e

874 1007 1185 1071 ‘tentoriis
1243 1004 1759 1087 progrediuntur,
1820 1011 2075 1081 excepta
2138 984 2600 1069 Andromacha,
2665 1012 2831 1074 quae
2884 1013 2919 1051 a

903 1123 1152 1187 sinistra
1199 1133 1409 1201 parte,
1456 1120 1565 1180 ubi
1606 1119 1754 1180 urbs
1797 1128 1957 1193 erat,
1987 1134 2138 1195 cum
2181 1109 2533 1174 custodibus
2579 1130 2768 1170 curru
2814 1107 2919 1169 ad·
3019 1178 3020 1183 η

905 1236 1183 1311 vehitur,
1250 1235 1313 1293 in
1360 1252 1485 1315 quo
1531 1233 1715 1294 etiam
1761 1228 1960 1311 spolia
2002 1225 2282 1291 Hectoris
2323 1225 2619 1300 jacebant.
2710 1220 2916 1298 Quare
3019 1248 3020 1255 ¹

904 1351 1153 1415 Hecuba
1196 1369 1251 1410 v.
1299 1349 1440 1410 572.

1311 1475 1426 1532 ποῖ
1467 1442 1616 1524 ποτ’
1662 1451 1929 1544 ἀπήνας
1969 1451 2234 1524 νώτοισι
2285 1457 2462 1547 φέρει

1307 1573 1594 1641 δύστανε
1635 1567 1868 1659 γύναι,
1910 1563 2234 1660 πάρεδρος
2274 1565 2571 1656 χαλκέοις

1297 1687 1633 1773 ’Έκτορος
1673 1679 1909 1760 ὅπλοις
1951 1681 2216 1758 σκύλοις
2256 1705 2329 1746 τε
2372 1679 2643 1763 Φρυγῶν

1308 1792 1796 1884 δοριθηράτοις.

908 1943 968 2004 N
972 1962 1131 2024 eque,
1169 1959 1320 2001 vero
1369 1905 1769 2020 Talthybius,
1829 1936 1938 1997 ubi
1994 1936 2246 1996 tertium
2303 1934 2376 1995 in¹
2434 1952 2674 1994 scenam
2733 1932 2911 2009 venit,

909 2053 1294 2136 Astyanactis
1343 2051 1603 2115 cadaver
1644 2051 1845 2112 ferens
1893 2072 1927 2111 e
1968 2048 2252 2112 tentoriis
2297 2047 2504 2128 egredi
2541 2047 2770 2128 potuit,
2813 2047 2912 2109 sed

910 2166 1142 2229 accedit
1203 2189 1240 2228 a
1294 2166 1478 2227 litore
1530 2165 1749 2242 maris,
1820 2163 1925 2225 ubi
1981 2160 2478 2225 Andromacham
2528 2158 2717 2222 modo
2761 2157 2909 2223 vidit

909 2281 1414 2364 proficiscentem.
1499 2281 1583 2341 V.
1615 2281 1803 2339 1131.

999 2369 1020 2409 ⁷
1368 2474 1371 2483 A
1969 2374 2223 2475 ἐξώρμα
2262 2386 2517 2480 χθονὸς

1166 2507 1434 2590 πάτραν
1477 2501 1534 2570 τ’
1576 2502 2025 2575 ἀναστένουσα
2072 2507 2183 2574 καὶ
2226 2499 2347 2572 τὸν
2377 2502 2708 2589 ''Europos-

1166 2617 1444 2708 τύμβον
1485 2620 2041 2705 προςεννὲπουσα.
2259 2604 2274 2615 ’

912 2766 984 2824 In
1023 2763 1145 2825 fine
1188 2748 1428 2827 {abulae
1478 2761 1779 2845 reliquiae
1836 2740 2007 2824 urbis
2064 2762 2140 2824 ab
2185 2759 2437 2823 Achivis
2489 2759 2909 2837 incenduntur,

914 2874 1080 2954 quod
1125 2876 1375 2956 quidem
1424 2896 1718 2940 conversa
1761 2876 2031 2956 periacto
2080 2874 2327 2937 sinistra
2352 2875 2528 2937 facile
2564 2896 2913 2955 repraesen-

919 2988 1040 3047 tari
1082 3000 1346 3067 poterat.

1043 3158 1104 3216 2.
1189 3159 1275 3220 De
1316 3159 1503 3218 choro.
1557 3155 1881 3237 .Chorum,
1927 3177 2112 3240 quem
2160 3161 2452 3239 choregus
2489 3158 2917 3240 suppeditabat

917 3288 951 3328 e
1001 3268 1261 3336 XLVHI
1307 3283 1412 3332 aut
1452 3270 1506 3332 L
1546 3269 1697 3333 viris
1731 3285 2127 3349 constantem,
2170 3274 2433 3354 tragicus
2460 3285 2663 3355 poeta,
2705 3274 2816 3357 qui
2844 3274 2918 3336 si*-
3019 3295 3020 3298 ¹

916 3385 1047 3444 mul
1070 3381 1622 3473 χοροδιδάσκαλος
1648 3408 1776 3450 esse
1802 3390 2055 3465 solebat,
2084 3388 2169 3450 ita
2202 3388 2533 3466 dividebat,
2565 3401 2632 3451 ut
2652 3402 2921 3471 quatuor

919 3494 1189 3562 efficeret
1234 3500 1450 3562 chores
1479 3481 2095 3581 tesralogiae’fabulis
2118 3516 2390 3585 quatuor
2415 3501 2921 3566 accommodatos.
3019 3489 3020 3492 ¹

918 3610 1133 3694 Itaque
1172 3612 1508 3694 Aeschylus
1563 3613 1628 3674 in
1682 3614 1935 3693 singulis
1992 3614 2324 3696 tragoediis
2369 3617 2557 3678 choro
2601 3613 2924 3679 duodecim

918 3723 1195 3786 virorum
1238 3728 1330 3786 uti
1389 3730 1644 3792 solebat.
1745 3731 2080 3812 Sophocles
2135 3744 2376 3811 autem,
2434 3732 2691 3793 testibus
2734 3730 2926 3793 Suida

923 3848 984 3904 et
1026 3837 1211 3898 Vitae
1258 3836 1558 3920 Auctore,
1619 3858 1795 3912 aucto
1854 3865 2111 3912 numero
2175 3844 2428 3907 chorum
2474 3847 2601 3906 XV
2641 3844 2952 3907 virorum¹

855 3945 1240 4031 ,'produxit.
1325 3954 1483 4014 Nam
1529 3970 1598 4020 ut
1650 3957 1714 4019 in
1766 3963 1943 4019 scena
1985 3958 2311 4021 mulierum
2354 3981 2648 4040 personae
2690 3981 2730 4021 a
2772 3961 2926 4022 viris

919 4066 1392 4144 sustinebantur,
1432 4070 1520 4133 ita
1564 4072 1804 4148 chorus,
1848 4072 1956 4153 qui
1999 4084 2058 4140 et
2091 4074 2221 4154 ipse
2257 4073 2603 4153 saepissime
2637 4072 2928 4134 mulieres

922 4184 1450 4262 repraesentabat,
1511 4205 1753 4265 semper
1808 4208 1844 4247 e
1901 4187 2047 4249 viris
2114 4190 2446 4250 constabat.
2552 4185 2930 4267 Sophoclem

922 4293 1170 4353 omnino
1232 4294 1504 4359 imitatus
1568 4311 1658 4360 est
1717 4300 2062 4381 Euripides.
2181 4300 2301 4364 Sed
2365 4298 2672 4362 interdum
2740 4301 2930 4362 etiam
3019 4335 3020 4344 κ
