3080 5242
1616 528 2034 595 ...14-

820 692 1354 786 προςτοιγὴν,’ὑφ’
1383 696 1653 785 Ἑρμοῦ
1690 692 1861 786 πρὸς
1903 693 2028 782 τήν
2078 697 2284 781 κρίσιν
2328 694 2630 781 ἄγονται.
2688 699 2845 763 lsai

817 812 1158 896 προκρίνει
1183 807 1308 896 τὴν
1323 804 1754 897 ἾΛφροὸίτην,
1769 809 2091 894 ἐπαρθεὶς
2115 822 2247 882 τοῖς
2260 808 2538 894 Ἑλένης
2556 806 2845 894 γάμοις,

814 927 1273 1011 Ἀλέξανδρος.
1303 920 1600 991 ”Επειτοι
1624 923 1713 998 δὲ,
1742 919 2149 1006 Ἀφροδίτης
2180 915 2647 1006 ὑποθεμένης,
2671 913 2847 988 vav-

819 1054 1140 1127 πηγεῖται,
1180 1039 1289 1104 καὶ
1331 1034 1625 1110 ”Ελενος
1666 1035 1967 1119 περὶτῶν
1998 1024 2379 1113 μελλόντων
2410 1026 2635 1106 αὐτοῖς
2660 1060 2846 1117 προ-

817 1152 1031 1221 θεσπί
1038 1160 1155 1235 ζει·
1205 1146 1388 1246 ual‘oj
1422 1143 1791 1233 Ἀφροδίτη
1821 1145 2108 1211 Αινείοιν
2142 1147 2468 1228 συμπλεῖν
2504 1140 2683 1234 αὐτῷ
2731 1133 2846 1213 κε·-

816 1261 1027 1335 λεύει·
1074 1263 1183 1329 καὶ
1228 1259 1632 1343 Κασσάνδρα
1689 1258 1835 1341 περὶ
1890 1257 2021 1326 τῶν
2062 1248 2441 1340 μελλόντων
2496 1258 2844 1343 προδηλοῖ.

815 1380 1095 1458 Apparet
1140 1371 1561 1436 Alexandrum
1611 1372 1883 1430 Helenae
1954 1367 2284 1453 rapiendae
2344 1371 2670 1432 consilium
2723 1372 2840 1431 ali-

817 1488 1113 1574 quamdiu
1157 1486 1450 1562 omisisse‚
1499 1496 1572 1545 ut
1624 1465 2053 1544 admonitione
2096 1481 2361 1543 Veneris
2429 1503 2584 1564 opus
2653 1497 2838 1547 esset.

817 1603 987 1680 Quae
1018 1622 1160 1663 eum
1201 1596 1521 1660 admonuit
1561 1594 1728 1657 haud
1770 1594 1954 1656 dubie
1997 1606 2323 1676 postquam
2367 1596 2473 1657 ille
2515 1598 2583 1657 in
2623 1610 2837 1678 pater-

814 1741 956 1782 nam
978 1716 1227 1779 domum
1260 1723 1544 1791 receptus
1579 1706 1832 1789 aliquod
1874 1721 2114 1789 tempus
2148 1710 2213 1770 in
2246 1710 2373 1771 otio
2410 1724 2683 1773 moratus
2723 1724 2832 1774 est.

813 1834 1028 1913 Itaque
1074 1848 1186 1889 nos
1246 1845 1497 1908 quoque
1547 1821 1905 1899 statuimus,
1961 1821 2387 1884 Alexandrum
2442 1845 2566 1886 non
2625 1827 2831 1887 statim

813 1955 958 2025 post
1010 1940 1384 2022 agnitionem
1443 1934 1517 1997 de
1576 1933 1957 2014 prd'ectione
2017 1934 2083 1993 in
2146 1933 2460 2000 Graeciam
2518 1941 2828 2018 cogitasse,

815 2055 987 2139 quod
1034 2053 1286 2137 quidem
1326 2051 1597 2113 alienum
1642 2058 1733 2108 est
1772 2047 1847 2107 ab
1879 2047 2062 2123 hujus
2091 2048 2440 2127 tragoediae
2468 2066 2826 2131 argumento

816 2185 877 2235 et
919 2171 1179 2234 ratione.

1756 2335 1810 2418 §.
1870 2340 1932 2395 4.

1553 2472 1657 2535 De
1709 2469 2090 2535 Palamede.

998 2626 1119 2687 Res
1181 2619 1521 2697 Palamedis
1559 2673 1562 2676 .
1594 2629 1915 2700 exponunt
1977 2616 2184 2679 Schol.
2261 2616 2411 2678 Eur.
2485 2614 2594 2681 Or.
2665 2625 2817 2695 422,

814 2742 1016 2802 Tzetz.
1065 2737 1143 2799 ad
1183 2736 1495 2818 Lycophr.
1535 2755 1601 2814 p.
1643 2735 1748 2794 46.
1793 2728 1887 2790 ed.
1928 2731 2193 2807 Potter„
2242 2730 2637 2809 Hygin.‘fab.
2683 2738 2820 2810 105,

812 2854 1167 2916 Philostrat.
1239 2849 1485 2911 Heroic.
1550 2870 1614 2928 p.
1659 2848 1805 2907 708.
1872 2840 2078 2906 Olear.
2146 2844 2277 2922 Ego
2331 2844 2564 2924 Hygini
2637 2850 2822 2909 verba

812 2969 936 3028 huc
987 2965 1445 3040 transscribam,
1488 2982 1673 3042 quem
1718 2956 1915 3039 ipsius
1955 2955 2272 3036 Euripidis
2307 2958 2682 3037 tragoediam
2719 2985 2820 3024 ex-

812 3078 1079 3159 primere
1122 3086 1296 3156 put0.
1381 3074 1540 3135 Sunt
1583 3074 1773 3136 verba
1822 3070 2052 3150 Hygini
2101 3072 2282 3136 haec:
2359 3076 2603 3157 Ulysses,
2671 3082 2819 3161 quod

813 3189 1175 3264 Palamedis,
1216 3188 1451 3272 Nauplii
1465 3189 1606 3270 filii,
1648 3190 1774 3249 dolo
1825 3201 1949 3250 erat
1991 3190 2250 3272 deceptus
2274 3185 2364 3273 2⁰)
2379 3235 2397 3267 ‚
2439 3197 2494 3251 in
2538 3195 2653 3252 dies
2697 3217 2817 3254 ma-

813 3305 1178 3379 chinabatur,
1221 3302 1494 3384 quomodo
1535 3324 1660 3362 eum
1699 3302 2043 3384 interficeret.
2118 3323 2123 3331 ·
2153 3304 2401 3365 Tandem
2439 3309 2567 3366 inito
2609 3312 2817 3369 consHio

815 3419 899 3477 ad
952 3418 1421 3495 Agamemnonem
1479 3417 1697 3476 militem
1753 3439 1915 3477 suum
1971 3423 2142 3491 misit,
2216 3422 2316 3499 qui
2372 3420 2577 3480 diceret
2628 3427 2707 3497 ei,
2760 3428 2813 3482 in

814 3536 991 3613 quiete
1028 3533 1218 3591 vidisse
1233 3575 1252 3606 ,
1312 3542 1371 3590 ut
1412 3541 1606 3590 castra
1651 3552 1757 3590 uno
1807 3533 1897 3592 die
1939 3543 2293 3592 moverentur.
2396 3533 2473 3592 Id
2513 3532 2815 3611 Agamem-

814 3664 920 3703 non
957 3664 1142 3703 oerum
1174 3649 1519 3719 existimans,
1556 3656 1750 3704 castra
1793 3665 1900 3705 uno
1943 3645 2034 3703 die
2073 3648 2310 3724 imperat
2350 3650 2573 3709 moveri.
2609 3649 2815 3729 Ulysses

813 3770 999 3818 autem
1040 3759 1188 3817 clam
1226 3772 1391 3820 noctu
1429 3761 1577 3820 solus
1616 3782 1878 3835 magnum
1928 3759 2148 3839 pondus
2189 3763 2346 3833 auri,
2406 3760 2502 3818 ubi
2555 3763 2815 3824 taberna-

814 3873 998 3933 culum
1037 3872 1367 3932 Palamedis
1387 3872 1591 3952 fuerat
1607 3916 1624 3947 ,
1644 3870 1842 3933 'obruit
1856 3897 1876 3931 :
1930 3877 2057 3932 item
2119 3873 2400 3950 epistolam
2453 3879 2812 3956 conscriptam

812 3987 1029 4068 Phrygi
1064 3989 1275 4066 captivo
1318 3985 1401 4043 ad
1439 3986 1738 4045 Priamum
1763 3981 1854 4068 21)
1898 3986 2019 4049 dat«
2051 3984 2441 4066 perfiet-endam
2496 3989 2814 4072 militemque

955 4166 1048 4236 20)
1084 4165 1168 4220 Cf.
1202 4166 1398 4238 Hygia.
1431 4164 1538 4218 fab.
1587 4168 1673 4221 95.

957 4256 1051 4329 21)
1088 4255 1229 4312 Nihil
1281 4253 1611 4309 mutandum.
1703 4252 1838 4308 Nam
1889 4251 2101 4325 Ulysses
2145 4253 2443 4326 epistolam,
2506 4274 2640 4326 quae
2696 4268 2812 4311 tan-
