3080 5242
1102 510 1525 578 ..39-

304 705 500 772 creari
540 717 604 767 et
635 726 682 794 ⁴a
724 702 1080 787 quaerendo
1125 723 1252 766 non
1293 704 1468 785 prius
1509 704 1742 784 desisti,
1782 725 1968 789 quam
1996 707 2167 768 ulcus
2205 707 2321 768 hoc

305 817 582 881 funditus
627 827 785 879 esset
828 816 1239 896 exstirpatum
1267 813 1376 902 ⁵¹).
1470 819 1765 881 Decrevit
1805 831 2051 881 senatus
2095 839 2175 881 ex
2215 838 2323 881 eo·

303 953 447 994 rum
490 929 815 992 sententia.
902 926 1041 1004 Quo
1086 930 1280 990 telum
1323 929 1510 1008 nacti,
1548 951 1674 1013 quo
1718 929 2069 1012 perderent,
2110 951 2321 1015 quem·
2408 1005 2420 1012 ἱ

301 1064 546 1127 cunque
587 1043 890 1123 odissent,
949 1045 1338 1128 quaestiones
1392 1066 1678 1125 egtercere
1721 1047 2100 1125 saevissime,
2143 1069 2317 1110 reum

301 1158 645 1240 quemlibet
685 1157 958 1221 delatum
997 1161 1295 1242 recipere,
1334 1163 1627 1247 persequi
1659 1183 1889 1241 omnes,
1929 1163 2039 1246 qui
2063 1163 2320 1226 liberius

303 1273 381 1335 de
424 1274 610 1336 rebus
660 1273 886 1336 divinis
929 1277 1266 1354 sentirent,
1326 1275 1614 1358 inprimis
1655 1297 1805 1340 vero
1854 1297 1985 1355 eos,
2025 1278 2137 1361 qui
2183 1300 2320 1339 cum

301 1385 621 1449 Alcibiade
665 1388 765 1450 vel
809 1389 1049 1466 cognati
1107 1391 1209 1450 vel
1260 1379 1680 1451 familiaritate
1739 1388 2050 1466 conjuncti
2102 1402 2321 1451 essent.

296 1501 487 1563 Multi
511 1500 1051 1562 ‚nobilissimorum
1095 1501 1348 1566 civium.
1368 1501 1435 1562 in
1464 1501 1711 1562 vincula
1742 1501 2001 1581 conjecti
2037 1513 2181 1563 sunt
2200 1499 2320 1585 ⁵²);

295 1627 429 1677 tota
472 1614 683 1677 civitas
709 1614 1080 1696 trepidabat,
1129 1635 1506 1700 unoquoque
1538 1614 1616 1677 de
1644 1637 1710 1688 se
1741 1626 2075 1676 metuente.
2157 1616 2315 1678 Tum

294 1728 611 1791 DiocIIdes
655 1729 904 1812 quidam
949 1730 1127 1792 malis
1182 1732 1345 1792 hisce
1403 1730 1781 1810 reipublicae
1836 1732 2078 1793 illectus
2143 1733 2311 1794 ultro

291 1842 368 1904 ad
416 1854 693 1904 senatum
736 1843 1250 1922 intronuntiavit,
1292 1862 1423 1904 sese
1464 1863 1679 1923 nosse,
1723 1843 1834 1927 qui
1860 1843 2134 1906 'Hermas
2175 1866 2312 1906 mu-

292 1955 590 2017 tilassent.
669 1957 1107 2038 Interrogatus,
1152 1980 1232 2021 ex
1270 1959 1599 2036 trecentis,
1640 1979 1796 2042 quos
1836 1959 1950 2021 illa
1993 1971 2174 2020 nocte
2218 1960 2314 2022 vi-

295 2069 485 2133 disset
522 2074 704 2134 lunae
744 2074 881 2134 luce
926 2075 1316 2140 collustratos
1356 2073 1533 2136 XLII
1589 2072 1959 2152 nominavit3
2023 2072 2135 2157 qui
2190 2084 2316 2134 sta-

293 2186 408 2248 tim
444 2188 868 2267 comprehensi
909 2198 1074 2249 sunt.
1155 2187 1399 2266 Ingenti
1426 2187 1895 2268 perturbatione
1926 2197 2082 2261 orta,
2126 2204 2314 2267 quam

294 2300 598 2361 exercitus
637 2298 1265 2364 Lacedaemoniorum
1322 2296 1399 2358 ad
1458 2298 1702 2360 Atticae
1763 2296 1916 2358 fines
1971 2296 2309 2377 appropin-

289 2433 487 2494 quans
527 2434 898 2507 magnopene
939 2414 1141 2489 auxit,
1198 2414 1469 2494 populus
1523 2434 1639 2492 per
1692 2423 1891 2474 totam
1944 2422 2189 2473 noctem
2239 2410 2307 2472 in

289 2528 476 2588 armis
522 2527 744 2589 mansit
785 2539 1063 2589 metuens
1105 2539 1168 2587 et
1223 2526 1524 2606 impetum
1574 2522 2201 2587 Lacedaemoniorum
2247 2536 2310 2585 et

285 2641 706 2723 proditionem
753 2644 945 2704 urbis.
1027 2643 1187 2704 Tum
1247 2619 1546 2703 Pisander
1593 2641 1662 2703 in
1703 2651 1920 2701 senatu
1962 2651 2178 2701 auctor
2218 2639 2311 2700 fa-

292 2768 425 2818 ctus
464 2768 577 2832 est,
619 2775 745 2838 quo
791 2755 968 2817 citius
1013 2767 1146 2817 tota
1187 2755 1527 2833 conjuratio
1585 2749 2196 2834 deprehenderetur,
2236 2764 2312 2813 ut
2402 2780 2411 2789 ·

289 2869 608 2932 decretum
651 2871 765 2931 sub
806 2871 1099 2932 archonte
1142 2868 1540 2931 Scamandrio
1583 2868 1841 2942 factum,
1891 2864 2062 2948 quod
2113 2864 2309 2927 civem

285 3004 403 3065 per
468 2993 778 3044 tormenta
855 2980 1228 3062 interrogari
1292 2982 1543 3043 vetabat
1562 3025 1580 3056 ‚
1646 2977 2119 3041 rescinderetur.
2225 2978 2309 3040 At

284 3108 539 3176 postero
580 3096 680 3159 die
725 3117 883 3159 unus
925 3116 1161 3176 eorum,
1198 3096 1310 3181 qui
1351 3096 1418 3157 in
1460 3094 1737 3158 custodia
1783 3106 1993 3170 erant,
2034 3091 2304 3155 Andoci-

287 3206 428 3285 des,
488 3211 780 3271 hortante
833 3208 1160 3272 Charmide
1219 3208 1620 3288 consobrino,
1686 3209 1853 3270 ultro
1912 3228 1977 3270 se
2036 3205 2299 3268 indicem

286 3322 601 3404 professus
645 3334 737 3382 est
782 3302 1016 3399 eorum,
1059 3323 1171 3404 qui
1210 3324 1407 3385 scelus
1437 3332 1919 3402 perpetrassent.
2003 3318 2305 3381 Indicavit

288 3450 544 3519 praeter
584 3437 815 3499 multos
864 3456 901 3496 a
941 3437 1179 3499 Teucro
1216 3440 1338 3514 jam
1381 3435 1645 3511 delatos,
1687 3434 1800 3515 qui
1840 3433 2080 3512 partim·
2121 3432 2303 3495 occisi

289 3567 501 3629 erant,
555 3554 785 3636 partim
836 3553 1232 3632 aufugerant,
1305 3562 1574 3635 quatuor
1636 3549 1806 3611 viros
1868 3546 2140 3624 nobiles,
2194 3547 2305 3627 qui

290 3688 504 3731 omnes
566 3669 632 3730 in
688 3665 1005 3748 Euphileti
1061 3665 1320 3750 ἑταιρίᾳ
1335 3661 1423 3747 ⁵⁵)
1482 3662 1765 3739 luerant3
1845 3681 1909 3723 se
1978 3660 2179 3741 ipsum
2242 3670 2304 3720 et

427 3927 524 3997 51)
560 3924 767 3981 Andoc.
804 3919 1154 3996 myst-§.312

423 4047 520 4117 53)
553 4046 721 4100 Thac.
758 4049 808 4112 6,
845 4049 932 4100 53.
1114 4025 1124 4036 ’

426 4168 523 4236 53)
557 4172 736 4220 Bran!
789 4167 1023 4219 Allucm's
1073 4164 1335 4239 quaedam
1393 4164 1711 4216 sodoliezues
1731 4196 1744 4219 ‚
1802 4160 1993 4234 quibus
2042 4160 2302 4229 adse-ripn

280 4270 418 4320 cia-es
455 4279 699 4320 mutuam
736 4270 874 4320 iuter
922 4288 1033 4321 sese
1082 4285 1297 4339 operam
1333 4264 1536 4317 dabone
1595 4261 1970 4334 con'sequendis
2023 4257 2305 4311 honoribus
