3080 5242
1600 483 2133 576 —42-'

803 731 1011 773 auram
1086 702 1413 791 captantis.
1533 703 1760 783 Quales
1825 704 2186 785 demagogos
2230 705 2301 786 in
2361 706 2489 770 illis
2555 705 2814 787 judiciis,

801 847 961 909 quae
1003 837 1146 907 post
1186 825 1447 886 Hermas
1488 823 1809 883 mutilatos
1851 819 2138 881 instituta
2178 831 2351 898 sunt,
2408 807 2617 903 plures
2652 822 2814 884 vidi-

798 960 935 1004 mus
976 946 1168 1022 prava
1209 935 1536 1001 sedulitate
1581 947 1824 998 omnem
1885 933 2328 1015 rempublicam
2385 935 2701 996 turbantes
2750 948 2812 998 et

799 1052 1181 1116 nobilissimo
1226 1052 1463 1133 cuique,
1507 1050 1563 1112 si
1606 1048 1930 1110 ambitioni
1971 1067 2182 1112 eurum
2233 1048 2532 1124 obstaret,
2575 1040 2812 1128 pericu-

800 1167 933 1226 lum
972 1162 1384 1227 intendentes.
1466 1163 1709 1225 Horum
1745 1146 1933 1245 'quem
1969 1158 2331 1242 Euripides,
2376 1182 2568 1244 quum
2608 1162 2809 1225 Ulixis

800 1298 1131 1360 personam
1174 1275 1567 1368 describeret,
1611 1277 1877 1338 maxime
1920 1278 1998 1338 ob
2044 1276 2250 1337 oculos
2295 1276 2598 1354 habuerit,
2655 1275 2811 1344 diffi-

802 1393 920 1455 m'le
961 1390 1210 1475 quidem
1257 1387 1354 1453 est'
1392 1384 1598 1470 dictu,
1638 1391 1780 1472 sed,
1831 1393 1885 1455 si
1940 1397 2347 1470 conjecturam
2405 1394 2604 1454 facere
2654 1393 2808 1470 licet,

799 1508 1168 1572 Pisandrum
1209 1523 1316 1572 aut
1358 1508 1703 1571 Chariclem
1749 1510 2087 1590 suspicatus
2125 1509 2275 1589 sim,
2308 1508 2444 1591 ‚qui
2503 1508 2674 1569 illam
2724 1513 2810 1584 ju-

803 1623 1105 1687 diciorum
1147 1636 1385 1705 pestem
1412 1637 1490 1684 ·et
1533 1624 1724 1705 primi
1768 1623 2004 1685 civitati
2059 1623 2402 1708 intulerunt
2460 1634 2522 1683 et
2579 1622 2808 1709 illatam

799 1735 982 1802 valde
1023 1749 1352 1799 auxerunt.
1448 1736 1735 1819 Namque
1784 1735 2083 1798 Pisander
2124 1736 2331 1798 statim
2372 1713 2590 1817 primis
2635 1738 2812 1798 comi·
2916 1743 2917 1754 ¹

797 1852 906 1915 -tiis
916 1895 935 1930 ,
979 1823 1170 1934 quum
1215 1850 1605 1933 quaestiones
1644 1847 1721 1910 de
1763 1850 1992 1910 scelere
2032 1850 2356 1910 commisso
2399 1840 2642 1910 institui
2685 1850 2812 1930 pla·
2916 1841 2917 1918 Q

701 2047 704 2050 Ι
805 1955 1049 2044 cuisset,
1083 1969 1217 2047 'quo
1259 1963 1449 2042 magis
1495 1983 1601 2024 eae
1630 1961 2018 2045 quaestiones
2052 1946 2435 2038 acuer'entur,
2476 1962 2813 2041 praemium

807 2080 875 2141 X
919 2078 1184 2139 millium
1221 2074 1654 2140 drachmarum
1698 2077 1756 2139 ei
1798 2075 2250 2138 decernendum
2290 2077 2551 2155 rogavit,
2594 2077 2706 2158 qui
2726 2078 2814 2139 in-

625 2233 634 2236 1
743 2257 748 2258 ff
806 2191 1031 2256 dicium
1073 2193 1364 2256 fecisset.¹
1419 2193 1590 2258 Idem
1631 2206 1766 2255 tum
1810 2185 2089 2276 ζητητής
2129 2202 2370 2254 creatus
2423 2203 2516 2252 est
2572 2190 2811 2272 publice

812 2332 951 2372 cum
996 2309 1307 2388 Charicle,
1365 2309 1739 2393 Cleonymo,
1802 2310 1958 2371 aliis.
2050 2308 2359 2370 Nimirum
2414 2309 2687 2389 populus
2741 2328 2815 2369 ex

802 2425 1029 2485 horum
1090 2424 1533 2486 vociferatione
1597 2445 1666 2484 ac
1719 2399 1928 2485 furore
1992 2423 2402 2485 sinceritatem
2472 2420 2816 2485 studiorum

803 2537 1227 2615 cognoscebat.
1310 2537 1391 2598 Et
1439 2536 1760 2619 ,quomodo
1813 2537 2202 2619 quaestiones
2255 2536 2673 2614 exercuerint,
2744 2556 2816 2597 ex
2916 2539 2917 2546 ’

803 2669 879 2712 eo
907 2649 1325 2728 intelligimus,
1369 2651 1556 2733 quod,
1594 2652 1945 2734 quicunque
1983 2650 2393 2729 deferebatur,
2437 2650 2648 2711 statim
2676 2652 2817 2730 fuga

802 2769 1062 2830 salutem
1103 2766 1436 2849 quaesivit,
1494 2788 1680 2849 quam
1734 2787 1868 2828 rem
1926 2779 2168 2828 narrat·
2194 2747 2563 2828 Andocides.
2647 2767 2817 2828 Inter

800 2881 951 2942 haec
994 2881 1198 2942 classis
1241 2881 1430 2943 solvit
1472 2880 1538 2940 in
1563 2879 1833 2942 Siciliam
1883 2893 1945 2959 et
1971 2879 2337 2957 Alcibiades,
2380 2900 2566 2962 quem
2600 2877 2816 2941 ducem

807 2974 1263 3070 conjuratorum
1305 2995 1491 3056 tuisse
1547 2996 1901 3056 rumoribus
1942 2996 2336 3073 spargebant,
2400 2995 2620 3064 urbem
2674 2994 2818 3055 reli-

801 3106 960 3189 quit.
1042 3107 1487 3166 Verumtamen
1523 3127 1608 3166 *ne
1654 3119 1790 3166 tum
1843 3105 2094 3188 quidem
2119 3167 2126 3174 ,
2151 3106 2449 3168 Pisander
2491 3120 2555 3169 et
2599 3107 2820 3169 Chari-

801 3219 923 3280 cles
965 3216 1150 3279 finem
1185 3215 1549 3300 inquirendi
1590 3217 1790 3279 iacere
1833 3220 2196 3297 voluerunt,
2239 3220 2347 3281 sed
2390 3219 2610 3282 eadem
2652 3242 2821 3284 seve·

795 3334 1000 3412 ritate,
1049 3355 1172 3417 qua
1214 3345 1414 3410 antea,
1460 3335 1847 3416 quaestiones
1887 3327 2343 3412 continuabant,
2391 3335 2585 3397 immo
2631 3338 2821 3398 etiam

797 3427 1106 3512 crudelius
1151 3450 1535 3512 exercebant.
1620 3449 1782 3510 Tum
1831 3448 2147 3511 Dioclides
2190 3427 2491 3510 famosum
2537 3450 2689 3510 fecit
2728 3449 2825 3510 in-

799 3562 1028 3629 dicium
1067 3567 1242 3630 XLII
1289 3566 1540 3632 civium'
1569 3566 1921 3627 nominibus
1982 3564 2221 3633 delatis.
2321 3565 2662 3646 Extemplo
2724 3564 2827 3626 Pi-

789 3676 1023 3739 ·sander
1068 3695 1281 3743 auctor
1322 3657 1564 3743 exstitit
1623 3682 1690 3742 in
1734 3693 1983 3759 senatu,
2042 3693 2112 3742 ut
2170 3679 2485 3741 decretum
2526 3679 2829 3741 Scaman-

795 3786 925 3849 drii
963 3792 1438 3871 rescinderetur,
1484 3794 1754 3876 quierat
1783 3814 1980 3858 novus
2002 3793 2830 3876 capitalium‘quaestionum

743 4002 750 4007 η
798 3909 1101 3973 stimulus.
1178 3910 1356 3986 Quae
1400 3913 1623 3977 deinde
1660 3918 1868 3998 plures
1915 3937 2153 3979 menses
2196 3916 2503 3978 durabant
2544 3916 2829 3979 necdum

796 4027 980 4107 plane
1023 4026 1197 4089 finita
1240 4040 1433 4105 erant,
1475 4052 1669 4113 quum
1710 4045 1842 4094 acta
1886 4045 1977 4093 est
2017 4033 2239 4094 Troica·
2281 4030 2637 4093 didascalia.

919 4142 1052 4203 Jam
1081 4161 1229 4204 vero
1261 4142 1314 4201 si
1336 4146 1673 4222 quaeritur,
1717 4159 1924 4208 utrum
1949 4147 2296 4227 Euripides,
2335 4168 2527 4230 quum
2555 4148 2833 4211 Ulixem

798 4254 1202 4335 describeret,
1270 4259 1457 4337 magis
1524 4257 1603 4318 ob
1672 4260 1880 4320 oculos
1942 4260 2225 4323 habuerit
2287 4258 2661 4323 Pisandrum
2744 4284 2830 4323 au
