3080 5242
960 484 1384 552 ...29-

108 699 284 741 vero
334 679 713 763 improbitas
760 679 996 756 Ulixis,
1057 701 1181 762 qua
1235 683 1621 747 Palamedem
1675 690 1984 751 aemulum
2039 709 2178 768 pes-

108 791 499 872 sumdedit,
567 792 821 856 uberius
871 792 1261 872 illustratur,
1323 817 1512 878 quam
1553 812 1767 880 postea
1824 800 2180 877 crudelitas,

108 930 251 991 qua
324 912 771 991 Astyanactem
837 905 1175 970 necandum
1239 911 1496 973 censuit.
1610 914 1785 974 Hanc
1847 912 1972 976 duo
2039 926 2178 975 tan-

108 1033 261 1084 tum
310 1042 543 1086 versus
588 1023 944 1104 exprimunt
990 1045 1048 1086 v.
1077 1028 1200 1088 ⁷16
1238 1038 1301 1087 et
1340 1028 1490 1092 718.
1578 1024 1799 1091 Obiter
1834 1026 2025 1109 igitur
2050 1029 2175 1090 Eu-

108 1131 379 1215 ripides
439 1134 650 1197 Ulixis
712 1135 779 1196 in
839 1140 1272 1217 Astyanactem
1331 1138 1759 1203 crudelitatem
1829 1141 2172 1224 descripsit,

108 1267 337 1330 quum
383 1245 727 1327 Sophocles
779 1248 846 1309 in
889 1251 1395 1336 Αίχμαλωτίσιν
1437 1265 1633 1314 totam
1673 1253 2049 1332 tragoediam
2093 1255 2172 1316 ad

108 1363 646 1426 eum-xaruinem
684 1364 993 1426 retulerit.
1079 1363 1175 1426 cf.
1216 1366 1545 1428 Welcker.
1587 1367 1807 1447 Suppl.
1845 1368 2007 1429 Mus.
2050 1369 2171 1430 Rh.

108 1481 179 1551 2,
209 1479 371 1539 171.
476 1473 894 1550 Quamobrem
955 1497 1114 1556 nego
1170 1477 1564 1540 Palamedem
1613 1477 1925 1541 Troadum
1990 1501 2169 1542 causa

108 1589 442 1670 scriptum
485 1608 636 1651 esse.
718 1589 939 1672 Neque
980 1591 1049 1652 in
1085 1589 1433 1653 Troadibus
1474 1589 1603 1654 loci
1645 1593 1886 1672 insunt,
1937 1593 2047 1676 qui
2088 1592 2169 1655 ad

121 1701 540 1765 Palamedem
575 1702 931 1785 respiciant.

257 1845 350 1906 V.
382 1847 533 1905 281.

251 1990 551 2051 Hecuba:

567 2097 643 2169 Ῑῶ
693 2104 817 2189 μοι’
864 2105 1010 2189 μοί.

348 2216 624 2304 μυσαρῷ
679 2214 915 2305 δολερῷ
973 2240 1045 2283 ἰε
1095 2217 1369 2307 λέλογχα
1427 2217 1595 2300 φωτὶ
1646 2216 1987 2287 δουλεύειν

349 2330 649 2417 πολεμίῳ
700 2328 922 2406 δίκας,
983 2324 1355 2414 παρανόμῳ
1406 2323 1631 2411 δάκει,

348 2437 429 2518 ὃς
479 2437 709 2508 πάντα
765 2434 1078 2509 τάκεῖθεν
1127 2439 1373 2509 ἐνθάδ’

344 2548 663 2623 ἀντίπαλ’
705 2547 923 2628 ,αὖθις
972 2558 1172 2621 ἐκεῖσε
1221 2550 1523 2645 διπτύχῳ
1573 2550 1826 2644 γλώσσᾳ

348 2670 512 2754 φίλα
567 2663 653 2735 τοὶ
705 2662 969 2753 πρότερ’
1013 2662 1223 2755 ἄφιλα
1274 2669 1643 2753 τιθέμενος
1686 2667 1984 2741 πάντων.

129 2812 301 2871 Haec
367 2829 492 2871 non
553 2810 755 2870 solum
817 2805 897 2868 ad
965 2828 1100 2869 eam
1168 2806 1448 2869 fraudem
1503 2808 1712 2872 Ulixis
1776 2811 2155 2889 referuntur,

134 2946 262 3007 qua
303 2921 687 2985 Palamedem
734 2921 1084 2999 interemit,
1142 2922 1252 2984 sed
1299 2921 1379 2984 ad
1430 2942 1678 2985 omnem
1724 2930 1854 3004 ejus
1900 2925 2155 2989 iraudu-

135 3036 406 3098 lentiam.
527 3035 915 3119 Quamquam
975 3033 1308 3098 verisimile
1373 3048 1498 3114 est,
1575 3051 1949 3119 spectatores
2017 3053 2154 3103 tum

133 3148 470 3211 Palamedis
523 3148 844 3211 interitum
893 3145 1223 3230 praecipue
1272 3148 1625 3213 recordatos
1683 3173 1832 3215 esse.
1928 3154 2149 3237 Neque

131 3264 245 3325 alii
283 3263 400 3326 loci
437 3262 867 3341 inveniuntur,
907 3263 1018 3346 qui
1057 3262 1248 3343 magis
1282 3263 1361 3326 ad
1389 3264 1731 3328 Palamedis
1771 3266 2151 3346 tragoediam

133 3379 495 3441 referantur.

265 3523 469 3584 Restat
515 3519 708 3602 igitur
747 3522 916 3584 solus
959 3540 1191 3600 nexus,
1247 3522 1358 3602 qui
1408 3521 1573 3581 inter
1623 3520 1885 3602 primam
1927 3532 1990 3582 et
2042 3541 2150 3582 ex-

145 3648 390 3698 tremam
440 3634 711 3696 fabulam
766 3630 1116 3695 intercedit.
1227 3632 1425 3709 Quem
1477 3632 1821 3694 Schoellius
1873 3633 2143 3714 primum

111 3806 114 3829 ,
149 3748 371 3812 duobus
399 3744 712 3809 Troadum
751 3746 900 3808 locis
943 3746 1196 3829 probat,
1239 3745 1350 3828 qui
1390 3746 1721 3827 respiciant
1763 3746 1841 3809 ad
1873 3750 2145 3812 Alexan-

110 3862 337 3943 tdrum.
421 3860 506 3923 At
555 3859 661 3921 isti
712 3858 833 3921 loci
881 3879 1010 3925 non
1060 3870 1188 3922 tam
1239 3857 1317 3922 ad
1369 3860 1710 3924 Alexandri
1764 3865 2142 3946 tragoediam

113 3973 494 4057 ‚respiciunt‚
562 3994 750 4056 quam
799 3973 877 4036 ad
929 3996 1030 4053 ea,
1102 3997 1260 4058 quas
1311 3997 1444 4038 eam
1501 3977 1877 4058 tragoediam
1928 3982 2138 4043 multis

113 4146 116 4171 ,
155 4090 314 4154 annis
347 4102 819 4172 praecesserunt.
900 4090 1146 4153 Scilicet
1172 4091 1603 4156 Andromacha
1642 4094 1869 4157 Troad.
1917 4118 1975 4158 v.
1995 4099 2138 4159 590.

157 4209 290 4269 haec
334 4203 508 4268 dicit:
