3080 5242
4 827 123 869 vero
139 814 160 870 h

0 1174 134 1215 Hm!

1099 508 1522 571 ,23-

284 702 559 783 quodam
598 702 823 782 spiritu
869 700 1148 762 dolorem
1195 703 1479 781 mitigans
1523 703 1915 784 propinquae
1948 704 2166 764 mortis
2213 723 2312 763 co-

282 817 611 895 gitatione.
696 814 1162 876 Andromachae
1208 827 1409 875 autem
1455 816 1666 877 mitius
1720 816 2069 894 ingenium,
2126 838 2310 898 quam

281 930 612 1004 Hecubae,
668 927 775 988 sed
819 947 944 988 non
986 940 1122 987 tam·
1157 929 1377 1005 altum,
1422 949 1608 1011 quam
1649 908 2056 991 Cassandrae(
2130 931 2313 1006 Haec,

283 1041 807 1125 quemadmodum
879 1044 1203 1103 mulierem
1283 1043 1493 1121 decet,
1586 1032 1917 1125 praecipue
1993 1026 2310 1125 coniugem
2394 1092 2401 1101 .

285 1171 352 1219 et
400 1158 689 1217 infantem
737 1157 1054 1238 deplorat,
1116 1160 1227 1241 qui
1283 1161 1340 1220 ei
1394 1181 1547 1240 prae
1607 1160 1893 1221 omnibus
1947 1172 2127 1221 erant
2169 1162 2312 1236 cari,

287 1282 351 1330 et
399 1272 622 1351 quibus
665 1271 902 1333 amissis
944 1270 1098 1333 adeo
1142 1271 1475 1352 affligitur,
1519 1286 1587 1334 ut
1630 1275 1875 1355 reliqua
1917 1275 2158 1351 omnia,
2202 1295 2311 1354 pa-

284 1386 506 1464 triam,
577 1387 776 1464 civeS,
849 1405 1021 1447 suam
1079 1387 1275 1465 ipsius
1330 1387 1645 1447 fortunam
1707 1385 1891 1446 nihili
1941 1387 2069 1446 fere
2109 1385 2309 1447 faciat.

283 1503 355 1561 ln
400 1502 496 1563 his
541 1498 801 1563 diversis
835 1501 1098 1580 ingeniis
1137 1502 1340 1563 varios
1371 1501 1658 1576 aflectus,
1698 1521 1857 1583 quos
1900 1500 2309 1563 infortunium

286 1614 555 1691 excitat,
637 1615 950 1693 praeclare
1027 1636 1141 1694 per
1212 1627 1409 1675 totam
1481 1612 1859 1693 tragoediam
1934 1616 2310 1677 canticorum

285 1724 684 1787 multitudine
755 1726 1052 1806 insignem
1129 1725 1413 1806 depinxit
1477 1726 1828 1807 Euripides.
1932 1720 2011 1788 Et
2075 1727 2128 1790 si
2192 1729 2309 1813 hoc

284 1860 593 1899 summum
635 1838 985 1918 tragoediae
1023 1852 1148 1913 est,
1201 1859 1452 1901 movere
1497 1841 1958 1902 miserationem
2003 1853 2066 1902 et
2108 1854 2310 1904 terro-

283 1974 445 2029 rem,
490 1954 630 2013 huic
663 1952 1015 2030 tragoediae
1052 1952 1129 2014 ad
1164 1951 1552 2014 excitandam
1582 1953 2040 2015 miserationem
2078 1966 2140 2015 et
2182 1946 2308 2035 tere

283 2087 492 2127 rorem
550 2068 791 2146 egregie
856 2067 1229 2145 compositae
1287 2067 1421 2128 laus
1478 2087 1589 2126 sua
1645 2068 1925 2146 profecto
1989 2087 2305 2147 nunquam

284 2179 510 2241 deerit.

1225 2441 1242 2456 ·
1328 2401 1389 2459 6.

871 2516 975 2579 De
1036 2396 1318 2600 Sisyjtho
1380 2510 1709 2598 Satyrion.

453 2664 502 2723 E
570 2664 837 2756 Sisypho
909 2662 1229 2744 Euripidis
1299 2663 1549 2728 unicum
1633 2664 1917 2722 relictum
1982 2674 2073 2723 est
2147 2665 2305 2741 frag-

282 2791 557 2840 mentum
574 2802 591 2839 z

496 2920 728 3002 Χαίρω
775 2919 846 2985 σέ
885 2912 943 3003 γ’
990 2913 1039 2983 ὦ
1081 2919 1431 3005 βέλτιστον
1473 2914 1863 3002 Ἀλκμήνης
1908 2918 2093 2990 τέκος

490 3026 842 3100 'El-&offra
885 3029 1008 3099 τόν
1055 3058 1130 3098 τε
1172 3025 1423 3117 μιαρὸν
1467 3029 1821 3111 genamad-ca
1848 3031 1959 3116 ⁵⁵).

281 3180 614 3241 Enimvero
671 3199 749 3238 ex
799 3197 871 3237 eo
930 3176 1100 3256 ipse,
1157 3188 1455 3257 quantum
1507 3195 1619 3255 ego
1668 3176 1896 3253 sentio,
1952 3198 2168 3265 verum
2211 3178 2299 3235 fa-

281 3297 463 3357 bulae
507 3303 932 3371 argumentum
976 3289 1292 3366 ingeniosa
1333 3291 1657 3367 sagacitate
1701 3289 1862 3349 eruit
1881 3288 2025 3350 ‘Ad.
2048 3288 2299 3378 Solnoel·

279 3413 420 3473 lius.
505 3406 745 3469 Retulit
787 3406 895 3466 illa
933 3407 1123 3465 verba
1164 3404 1244 3465 ad
1294 3387 1547 3465 chorum
1592 3404 1989 3484 Satyrorum,
2038 3406 2146 3485 qui
2192 3407 2297 3465 Al-

282 3542 529 3583 cmenae
572 3518 768 3580 filium
813 3516 1065 3577 landent
1111 3515 1185 3577 de
1228 3516 1553 3577 interfecto
1595 3515 1884 3596 Sisypho.
1986 3517 2295 3586 Nimirum

281 3637 491 3718 Satyri
532 3636 597 3695 in
641 3635 754 3694 hac
812 3632 1018 3692 sabula
1059 3652 1095 3691 a
1137 3630 1440 3714 Sisypho,
1504 3631 1614 3711 qui
1656 3628 1888 3710 praedo
1931 3633 2296 3693 vaferrimus

387 3856 482 3926 35)
512 3838 716 3908 suidas·
787 3858 968 3923 Χαίρω
1007 3891 1020 3904 .
1045 3890 1061 3903 .
1084 3890 1099 3905 .
1131 3891 1146 3906 .
1175 3859 1344 3921 χαίρω
1380 3871 1434 3905 σε
1467 3849 1779 3921 ἐληλυθότα.
1855 3849 2127 3922 Ὀρωπικοὶ
2162 3848 2293 3904 οῗιιω

284 3961 497 4024 λέγουσι.
578 3951 867 4024 Εὐριπίδης
915 3950 1124 4020 Σισύφῳ
1358 3935 1359 3938 ¹

613 4059 791 4125 Χαίρω
842 4060 898 4104 ἰε’
943 4060 1000 4120 76⁹
1043 4051 1090 4107 α’
1126 4041 1164 4104 ni
1208 4056 1438 4118 βέλτιστε
1483 4049 1767 4122 Ἀλκμήνης
1813 4054 1956 4107 τέκος

704 4194 719 4209 .
794 4196 808 4210 .
878 4154 967 4204 τόν
1016 4174 1069 4204 τε
1115 4148 1300 4222 μιαρόν
1345 4148 1640 4209 ἓξολωλότα.

284 4254 388 4307 Hos
425 4273 599 4306 versus
643 4252 889 4318 restituit,
944 4263 998 4306 ut
1035 4270 1193 4322 supra
1239 4250 1515 4321 leguntur,
1566 4247 1942 4301 Valckenarius
1984 4246 2135 4298 diatr.
2175 4250 2292 4314 209,
