3080 5242
1003 565 1424 636 —45-
1582 594 1614 628 ι

156 772 244 831 in
298 790 438 853 quo
481 773 856 850 Protagorae
877 814 894 847 ,
951 771 1250 863 principis
1309 772 1722 853 sophistarum
1786 794 1856 834 ac
1898 772 2217 835 familiaris

161 885 317 961 sui,
381 884 707 946 interitum
748 885 1109 961 illustraret.
1209 883 1326 946 Cui
1384 886 1725 976 sententiae
1777 884 1954 947 valde
2009 886 2218 950 favent

164 998 286 1059 illi
339 1018 581 1074 versus,
624 997 733 1079 qui
772 1009 986 1077 postea
1029 992 1106 1058 ad
1144 995 1457 1077 Socratem
1499 1000 1687 1081 relati·
1724 1011 1867 1061 sunt

363 1101 712 1182 'Exedra-5,
753 1103 1017 1176 ἐκάνετε
1055 1101 1186 1174 τσὶν
1227 1104 1603 1194 πάνσοφον,
1645 1104 1692 1173 ὦ
1733 1112 2006 1186 Δαναοὶ,

383 1216 537 1288 Τοὶν
578 1215 782 1288 οὐδὲν
825 1215 1252 1307 ἀλγύνουσαν
1293 1218 1547 1307 ἀηδόνα
1594 1224 1904 1290 Μουσᾶν.
2018 1209 2022 1213 .

164 1335 533 1397 Enimvero
572 1355 701 1396 non
760 1342 1032 1423 constat,
1088 1338 1484 1415 Protagoram
1543 1336 1682 1397 illo.
1716 1330 1878 1398 anno
1936 1339 2213 1420 periisse,

164 1447 292 1512 01.
322 1452 431 1525 91,
480 1453 564 1526 1.,
611 1468 800 1533 quam
843 1448 922 1507 ob
967 1468 1206 1508 causam
1247 1468 1378 1509 rem
1419 1460 1639 1535 utpote
1686 1442 1931 1510 dubiam
1978 1450 2045 1517 in
2085 1473 2216 1514 me-

169 1559 299 1621 dio
343 1560 671 1640 relinquo..
764 1555 1150 1640 Quamquam
1202 1561 1299 1620 vel
1341 1558 1496 1620 illud
1540 1559 1648 1621 isti
1688 1561 1965 1641 opinioni
2009 1564 2215 1644 opitu-

165 1676 381 1751 latur,
431 1671 600 1754 quod
639 1670 1044 1750 Protagoram
1081 1670 1365 1753 Pisandri
1405 1671 1622 1749 socius,
1665 1672 1775 1754 qui
1816 1687 2031 1753 postea
2061 1698 2214 1739 cum

164 1808 260 1848 eo
311 1787 380 1847 in
407 1784 1015 1866 Quadringentorum
1066 1771 1321 1866 collegio
1364 1787 1501 1864 fuit,
1539 1771 1934 1870 Pythodorus
1973 1789 2215 1854 accusa-

166 1901 303 1962 vit.
392 1870 579 1978 fiiog.
622 1899 829 1960 Laert.
852 1902 911 1976 9,
945 1901 1002 1974 8,
1045 1899 1102 1958 5.
1146 1893 1550 1984 κατηγόρησε
1591 1898 1661 1966 δὲ
1707 1895 1920 1968 αὐτοῦ
1967 1901 2215 1971 Πυθό-
2286 1930 2297 1941 ·

170 2014 392 2098 δωροσ
442 2006 834 2093 ,Πολυζήλου
847 2056 866 2087 ,
922 2008 1020 2086 εἷς
1075 2011 1207 2077 τῶν
1259 2011 1719 2094 τετρακοσίων.
1827 2014 1972 2076 Pari
2022 2016 2208 2078 modo

173 2127 410 2190 'Ulixes
454 2147 570 2206 per
608 2101 874 2186 militem
923 2145 1103 2187 suum
1159 2146 1335 2186 reum
1390 2126 1539 2187 fecit
1596 2127 2003 2192 Palamedem.
2077 2130 2209 2194 ‘Sed

173 2232 574 2321 pergendum
614 2249 707 2299 est
750 2237 827 2298 ad
868 2238 1136 2320 reliqua.
2011 2211 2029 2249 '⁷

270 2414 273 2415 γ
320 2352 852 2431 Quemadmodum
893 2324 1255 2415 Alexander
1297 2364 1357 2413 et
1379 2351 1734 2447 Palamedes
1767 2354 1875 2415 illa
1907 2367 2208 2437 tempora,

181 2469 421 2551 quibus
463 2466 642 2530 docta
670 2480 778 2533 rest
819 2468 1041 2561 Troica
1081 2466 1408 2530 didascalia
1426 2513 1445 2547 ,
1483 2468 1913 2551 respiciebant,
1956 2470 2044 2532 sic
2080 2483 2209 2532 ter·

178 2582 282 2643 tia
325 2601 574 2665 quoque
621 2579 936 2663 tragoedia
993 2580 1071 2643 ad
1115 2603 1188 2644 ea
1242 2593 1496 2664 spectat.
1555 2585 1838 2647 'Troades
1884 2605 2071 2665 supra
2113 2585 2209 2647 vi-

184 2695 393 2758 dimus
462 2696 790 2775 imaginem
851 2698 1144 2760 exhibere
1201 2693 1471 2762 'crudelis
1534 2698 1853 2766 victoriae.
1967 2701 2206 2778 Achivi,

185 2822 375 2891 capto
415 2809 550 2888 Ilio,
588 2822 921 2892 postquam
963 2810 1133 2873 viros
1173 2830 1382 2871 omnes
1404 2859 1405 2864 1
1425 2809 1810 2890 occiderunt,
1875 2810 2207 2873 crudeliter

190 2928 474 2990 saeviunt
513 2928 579 2989 in
620 2928 891 3009 captivas
934 2925 1242 2986 mulieres.
1341 2926 1542 3004 Hujus
1588 2895 1884 2989 uictoriae
1928 2926 1998 2987 in
2037 2926 2204 2987 bello

195 3043 715 3124 Peloponnesiaco
743 3044 973 3104 multae
999 3042 1252 3104 fuerunt
1280 3040 1526 3103 similes.
1612 3040 1701 3103 Ut
1743 3040 1862 3101 alia
1906 3039 2205 3115 omittam,

196 3156 353 3217 caesi
378 3168 520 3217 sunt
541 3158 927 3217 Plataeenses
961 3174 1172 3216 omnes
1202 3152 1280 3216 ad
1308 3175 1519 3231 unum,
1564 3154 1722 3215 caesi
1752 3153 1922 3214 mille
1948 3154 2205 3235 Mityle-

194 3287 506 3346 naeorum,
550 3269 708 3330 caesi
734 3263 1033 3346 scionaei,
1075 3267 1399 3347 Toronaei,
1441 3279 1757 3349 postremo
1787 3266 2201 3329 crudelissime

193 3380 352 3441 caesi
390 3381 583 3442 Melii.
668 3381 749 3441 Et
789 3380 1133 3462 periculum
1177 3392 1328 3456 erat,
1369 3400 1482 3458 ne,
1524 3377 1668 3440 data
1699 3379 2046 3456 occasione,
2092 3399 2198 3439 eae

195 3494 836 3558 caedes—iterarentur.
920 3494 1210 3574 Inprimis
1267 3473 1440 3557 vero·
1471 3492 1869 3556 metuendum
1927 3504 2060 3553 erat
2101 3492 2198 3554 Si-

193 3608 375 3684 culis,
429 3608 483 3670 si
541 3606 649 3668 diu
699 3607 1051 3669 resistentes
1112 3593 1596 3667 Atheniensium
1639 3605 1797 3666 iram
1858 3598 2195 3683 moverent,

196 3745 274 3785 ne
316 3745 416 3787 eos
459 3725 830 3801 excitarent,
899 3738 969 3786 ut
1021 3725 1190 3785 ferro
1242 3729 1320 3784 et'
1364 3722 1491 3800 igni
1544 3721 1612 3782 in
1652 3739 1716 3782 se
1759 3732 2196 3801 grassarentur.

193 3840 422 3900 Harum
462 3858 672 3899 rerum
718 3836 1082 3917 indignitate
1103 3831 1432 3916 Euripides
1475 3844 1813 3896 commotus
1853 3833 2195 3897 miseratio-

195 3967 333 4013 nem
401 3963 475 4024 et,
515 3962 853 4030 terrorem,
912 3971 1070 4033 quae
1132 3947 1446 4028 tragoedia
1507 3947 1775 4010 excitare
1829 3947 2042 4027 debet,
2109 3949 2194 4010 sic

197 4062 510 4127 excitanda
551 4043 831 4144 credidit,
873 4076 942 4125 ut
982 4064 1387 4144 Athenienses
1430 4083 1466 4122 a
1513 4058 1875 4123 crudelitate
1921 4053 2193 4122 deterre-

197 4190 422 4239 rentur.
501 4177 822 4258 Expressit
863 4176 1056 4255 igitur
1095 4177 1162 4236 in
1209 4172 1523 4254 tragoedia
1548 4195 1657 4236 sua
1694 4161 1929 4256 captam
1949 4170 1954 4175 ’
1973 4174 2189 4239 urbem

200 4315 325 4357 cum
367 4291 636 4356 delubris
679 4292 949 4371 vastatis,
994 4291 1264 4379 captivas
1304 4289 1594 4352 mulieres
1635 4284 1713 4348 de
1759 4284 1970 4348 occisis
2003 4285 2189 4347 mari-
