3080 5242
1577 469 2015 550 ...ω-ς

801 696 1085 762 cognatos
1128 703 1269 745 suos
1313 685 1491 763 culpa
1547 681 1839 764 purgavit
1902 680 2247 744 Dioclidem
2303 677 2607 770 mendacii
2666 697 2812 738 con-

803 797 1069 859 vincens.
1152 795 1273 873 Qui
1315 820 1509 883 quum
1552 799 1904 861 confutatus
1946 808 2123 873 esset,
2164 807 2236 856 ut
2265 794 2458 858 vitam
2482 814 2654 855 suam
2681 813 2813 853 ser-

799 921 993 988 varet,
1034 910 1326 976 indicavit
1367 935 1506 992 eos,
1552 915 1663 997 qui
1705 925 1984 975 auctores
2027 911 2146 973 sibi
2187 908 2472 985 fuissent,
2507 906 2675 968 illius
2716 905 2816 965 in-

802 1020 945 1083 dicii
985 1022 1264 1101 faciendi,
1305 1025 1688 1087 Alcibiadem
1728 1024 2125 1104 Phegusium,
2162 1022 2510 1104 patruelem
2546 1018 2816 1080 Alcibia-

803 1135 898 1198 dis
940 1139 1217 1216 majoris,
1262 1151 1324 1201 et
1364 1141 1720 1202 Amiantum
1759 1139 2142 1220 Aeginetam.
2239 1134 2365 1212 Qui
2416 1135 2625 1197 statim
2672 1134 2817 1213 fuga

803 1270 868 1310 se
929 1253 1399 1332 subtraxerunt3
1475 1273 1603 1336 quo
1670 1255 1832 1318 facto
1891 1249 2206 1313 Dioclides
2272 1251 2489 1312 mortis
2553 1268 2821 1340 poenam

806 1363 1014 1424 subiit.
1096 1365 1231 1426 Jam
1279 1365 1393 1426 etsi
1431 1362 1716 1447 quaestio
1756 1365 1833 1427 de
1877 1364 2122 1427 Hermis
2165 1363 2439 1424 confecta
2481 1383 2610 1424 esse
2647 1359 2825 1426 vide-

806 1479 1015 1554 batur,
1070 1490 1275 1539 tamen
1331 1459 1618 1541 manebat
1673 1474 1775 1539 in.
1798 1479 2036 1560 populo
2090 1477 2291 1558 gravis
2333 1476 2402 1537 in
2440 1473 2823 1537 Alcibiadem

806 1591 1093 1674 suspicio,
1179 1590 1317 1668 Qua
1364 1576 1836 1675 opportunitate
1892 1613 2084 1675 quum
2134 1590 2396 1652 inimicis
2459 1594 2588 1668 ejus
2646 1602 2824 1650 uten-

810 1691 957 1768 dum
998 1727 1126 1767 esse
1169 1705 1507 1785 videretur,
1553 1709 1917 1785 Thessalus,
1969 1706 2243 1768 Cimonis
2284 1705 2476 1784 filius,
2527 1726 2668 1767 eum
2708 1706 2826 1768 ite-

810 1843 952 1910 rum
981 1813 1179 1882 'reum
1235 1822 1382 1882 fecit
1443 1833 1508 1882 et
1568 1818 1646 1881 de
1688 1821 1842 1881 inita
1900 1822 2319 1900 conjuratione
2374 1834 2436 1883 et
2480 1820 2558 1882 de
2599 1835 2827 1903 myste-

811 1936 922 1998 riis
993 1935 1271 2016 pollutis.
1400 1937 1641 2019 Itaque'
1686 1934 2018 1997 Salaminia
2081 1936 2353 1997 triremis
2415 1936 2483 1996 in
2553 1934 2829 1997 Siciliam
2867 1912 2875 1920 ”

812 2053 997 2116 missa
1039 2065 1132 2114 est
1166 2057 1294 2131 ejus
1338 2050 1685 2118 arcessendi
1727 2072 1924 2114 causa.
2010 2050 2134 2114 Sed
2159 2023 2167 2032 ⁸
2197 2052 2305 2113 ille
2348 2052 2414 2113 in
2454 2053 2678 2114 itinere
2721 2075 2830 2115 au-

812 2166 989 2246 fugit,
1030 2179 1111 2244 et,
1154 2159 1348 2249 quum
1392 2164 1760 2243 audivisset,
1811 2166 1888 2226 ab
1947 2163 2420 2228 Atheniensibus
2462 2185 2526 2227 se
2577 2163 2829 2228 damna-

811 2290 947 2341 tum
989 2293 1051 2342 et
1092 2280 1280 2341 morti
1322 2276 1635 2341 addictum
1678 2298 1845 2356 esse,
1886 2275 1965 2340 ad
2020 2276 2529 2339 Lacedaemonios
2574 2298 2638 2338 se
2669 2295 2825 2339 ··-con

813 2394 977 2472 tulit,
1017 2391 1517 2471 Atheniensibus,
1536 2401 1608 2456 ut
1642 2392 1861 2471 ajebat,
1903 2402 2278 2512 ostensurus,
2317 2411 2457 2475 sese⁸
2480 2392 2828 2455 etiamnunc

818 2508 1050 2573 vivere.
1796 2589 1817 2609 .

944 2625 1110 2686 Haec
1154 2624 1521 2705 exponenda
1564 2638 1759 2704 erant,
1800 2638 1871 2689 ut
1917 2626 1983 2687 in
2024 2624 2339 2706 Euripidis
2365 2624 2586 2713 Troica
2626 2623 2832 2688 didas·

819 2737 971 2799 calia
1013 2759 1170 2820 quae
1228 2736 1307 2799 ad
1361 2737 1472 2800 illa
1530 2751 1814 2820 tempora
1851 2738 2222 2821 reipublicae
2265 2740 2652 2802 Atheniensis
2695 2761 2834 2821 spe-

819 2861 985 2910 ctare
1029 2849 1410 2929 viderentur,
1453 2851 1692 2913 facilius
1733 2852 2028 2932 explicari
2059 2865 2309 2934 possent
2334 2854 2523 2935 atque
2546 2853 2832 2933 intelligi.

799 2962 1287 3041 *Perstringit
1330 2965 1531 3025 enim
1574 2963 2017 3045 Euripides
2069 2965 2142 3025 in
2185 2966 2329 3027 hac
2373 2964 2834 3028 didascalia

821 3084 898 3133 et
979 3071 1442 3148 judiciorum
1509 3076 2038 3137 temeritatem
2113 3087 2189 3137 et
2256 3077 2834 3143 crudelitatem

819 3183 1042 3262 belli,
1084 3184 1290 3266 quod
1332 3197 1499 3247 tum
1549 3190 2031 3265 gerebatur.

942 3300 1263 3363 Alexandri
1302 3299 1680 3381 tragoediam
1714 3304 2137 3386 quaestionem
2164 3264 2533 3370 continuisse
2568 3308 2835 3372 vidimus

821 3414 1219 3478 certaminum
1259 3416 1486 3480 victori
1528 3421 1608 3482 ab
1652 3421 2170 3485 obtrectatoribus
2210 3420 2438 3485 invidis
2489 3423 2837 3494 conflatam.

819 3526 893 3591 In
934 3548 1055 3610 qua
1118 3529 1475 3616 quaestione
1534 3531 1760 3598 divites
1819 3556 1888 3597 ac
1945 3534 2183 3597 nobiles
2237 3535 2685 3598 contendebant
2726 3535 2839 3599 ad-

815 3742 873 3784 et
906 3732 964 3785 in
990 3733 1213 3803 judiciis
1250 3735 1349 3787 sibi
1396 3739 1618 3790 invicem
1666 3739 1916 3797 aderant.
2001 3742 2286 3797 Goellerus
2333 3742 2399 3797 ad
2452 3743 2624 3800 Thue.
2664 3749 2715 3811 8,
2753 3749 2841 3801 54.

821 3829 970 3899 Quas
1005 3832 1251 3898 ξυνῳμοσί
1233 3852 1314 3890 ιας
1349 3837 1431 3888 ἐπὶ
1463 3836 1636 3896 δίκαις
1682 3843 1771 3891 καὶ
1815 3835 2039 3910 α’ρχατς,
2087 3852 2146 3897 ut
2193 3842 2424 3914 appellat
2481 3842 2840 3916 Thucydides,

819 3919 1076 4002 inprimis
1099 3930 1383 3985 nobiliores
1416 3954 1481 3987 ac
1516 3936 1777 3993 beatiores
1812 3940 1947 3995 cives
1981 3942 2248 4011 inierunt,
2284 3942 2372 3996 sed
2409 3943 2637 4013 ἑταιρίας
2672 3963 2841 3998 voca-

819 4030 948 4084 bant
973 4030 1215 4104 -legitimo
1251 4031 1531 4097 vocabu103
1569 4054 1694 4089 nam
1728 4036 1929 4108 ἑταιρία
1966 4040 2181 4115 proprie
2218 4052 2292 4094 est
2323 4043 2433 4103 φιλί
2412 4062 2468 4093 ια
2503 4061 2639 4093 κατα
2676 4038 2838 4111 συνή-

819 4136 969 4182 θειαν
1003 4134 1055 4183 ἓν
1087 4144 1197 4190 τοῖς
1237 4128 1365 4183 καθ’
1405 4127 1607 4202 dicata&
1645 4144 2014 4206 γεγενημένοις,
2056 4139 2141 4194 Cf.
2177 4141 2462 4213 Droysenii
2499 4140 2565 4194 de
2600 4141 2833 4196 Hermo-

821 4228 1022 4302 copidis
1056 4230 1470 4287 dissertationem
1508 4234 1775 4307 egregiam
1810 4238 1865 4292 in
1901 4240 2040 4294 Mus.
2077 4240 2240 4295 Rhen.
2278 4244 2432 4298 1836.
