3080 5242
1536 525 1960 590 *20*

742 725 1176 806 Astyanactem
1229 722 1298 783 in
1352 722 1639 784 Hectoris
1695 723 1913 803 clypeo
1967 721 2193 783 ferens.
2291 719 2598 782 conditur
2650 719 2759 780 ille

745 839 1029 917 sepulcro
1081 848 1146 898 et
1191 838 1441 915 lugetur
1489 836 1565 897 ab
1617 834 1868 896 Hecuba
1919 845 1983 895 et
2032 833 2312 916 reliquis.
2408 831 2548 909 Quo
2595 834 2760 895 facto

742 969 952 1011 omnes
1005 947 1083 1010 ad
1129 969 1316 1011 naves
1364 925 1845 1025 abstrahuntur,
1906 945 2189 1029 reliquiis
2242 945 2412 1007 urbis
2461 958 2758 1008 renovato

740 1061 1025 1134 incendio
1077 1062 1495 1141 flagrantibus.

907 1198 1073 1260 Mira
1129 1218 1272 1259 sane
1342 1217 1556 1258 rerum
1612 1193 1977 1276 compositio
1996 1235 2015 1270 ,
2095 1193 2160 1254 in
2216 1215 2339 1275 qua
2398 1193 2581 1255 multi
2633 1193 2760 1256 viri

741 1309 909 1372 docti
946 1310 1357 1374 offenderunt.
1441 1310 1540 1371 Ex
1574 1309 1798 1391 quibus
1828 1308 2271 1371 Zirndorferus
2290 1307 2414 1394 ³³):
2471 1312 2540 1370 In
2578 1312 2762 1372 Troa-

739 1429 931 1505 dibus,
989 1425 1076 1486 ait
1090 1472 1109 1504 ,
1165 1450 1227 1488 rs
1268 1448 1399 1487 vera
1442 1449 1551 1487 non
1591 1429 1767 1487 solum
1811 1449 1918 1486 non
1959 1431 2143 1487 unitas
2183 1429 2439 1500 actioniS,
2487 1426 2588 1484 sed
2637 1446 2760 1485 om-

738 1546 861 1601 nino
900 1543 1056 1601 nulla
1110 1547 1256 1603 actio
1297 1547 1459 1626 inest,
1519 1564 1693 1623 neque
1741 1543 1814 1602 de
1856 1546 2004 1603 exitu
2032 1540 2194 1620 felici
2230 1542 2312 1601 vel
2345 1538 2547 1618 infelici
2577 1558 2760 1602 sermo

738 1677 853 1717 esse
892 1667 1068 1737 potest
1082 1699 1101 1733 ,
1158 1661 1294 1740 quia
1334 1679 1441 1716 non
1482 1659 1645 1717 adest
1689 1658 1899 1731 noduS,
1967 1661 2065 1739 qui
2097 1655 2326 1733 feliciter
2361 1656 2444 1716 vel
2478 1654 2759 1736 mfhliciter

736 1770 870 1829 solvi
904 1774 1093 1850 possit.
1177 1769 1265 1830 At
1305 1768 1451 1845 iste,
1510 1768 1564 1827 si
1604 1769 1762 1828 hanc
1810 1767 2189 1847 tragoediam
2229 1770 2297 1829 in
2338 1789 2516 1830 scena
2558 1780 2759 1830 actam

737 1891 1078 1960 spectaret,
1144 1880 1198 1941 si
1249 1879 1519 1960 captivas
1580 1878 1850 1942 Troades
1912 1878 2187 1960 videret,
2252 1901 2409 1962 quae
2466 1902 2500 1941 e
2550 1880 2757 1962 patria

735 1995 1205 2073 abstrahuntur,
1270 1994 1324 2056 si
1379 1994 1783 2057 Cassandram
1854 2008 2131 2056 cerneret
2199 2015 2496 2074 generoso
2547 1994 2754 2056 animo

737 2106 815 2168 ad
851 2107 1211 2170 servitutem
1256 2121 1319 2170 et
1362 2123 1626 2171 mortem
1668 2122 2136 2192 properantem,
2186 2111 2240 2171 si
2281 2109 2524 2172 audiret
2565 2110 2754 2189 gemi-

734 2233 835 2284 tus
871 2221 1372 2301 Andromachae,
1426 2224 1527 2285 cui
1584 2223 1748 2286 filius
1803 2224 2097 2306 eripitur,
2158 2223 2425 2306 denique
2472 2224 2527 2285 si
2565 2223 2748 2284 Ilium

732 2336 970 2415 ingenti
1028 2336 1315 2399 incendio
1378 2337 1643 2416 flagrans
1709 2338 2116 2420 conspiceret,
2177 2350 2315 2400 tum
2374 2356 2527 2398 vero
2594 2336 2750 2416 ipse,

735 2454 940 2533 credo,
981 2476 1108 2517 non
1150 2463 1272 2532 jam
1305 2435 1551 2519 omnem
1584 2458 1886 2519 actionem
1919 2457 2065 2519 huic
2093 2456 2334 2518 fabulae
2365 2455 2571 2518 deesse
2603 2476 2749 2518 con-

733 2570 1050 2650 tenderet,
1106 2571 1295 2634 immo
1341 2573 1680 2655 plurimum
1722 2572 1978 2634 actionis
2035 2572 2251 2634 inesse.
2354 2568 2519 2646 Quin
2565 2571 2752 2633 etiam

734 2687 935 2749 unitas
978 2684 1277 2769 quaedam
1315 2687 1385 2746 in
1439 2688 1554 2747 hac
1592 2684 1909 2765 tragoedia
1949 2684 2146 2762 inest,
2207 2684 2260 2745 si
2301 2703 2428 2744 non
2472 2684 2751 2763 actionis,

732 2811 816 2863 at.
843 2801 1171 2862 actionum.
1257 2797 1428 2876 Quae
1472 2819 1684 2861 omnes
1731 2794 2105 2861 Achivorum
2158 2795 2512 2860 describunt
2552 2800 2751 2862 saevi-

733 2912 912 2990 tiam,
951 2934 1108 2994 qnae
1151 2925 1293 2973 ante
1333 2913 1544 2974 oculos
1582 2923 1830 2973 nostros
1861 2911 2087 2973 sensim
2114 2911 2481 2991 explicatur.
2559 2911 2748 2974 Initio

731 3027 972 3087 fabulae
1020 3027 1274 3087 Hecuba
1329 3039 1392 3088 et
1451 3025 1725 3089 Troades
1783 3027 1964 3088 anxie
2027 3046 2354 3106 suspensae
2379 3035 2385 3041 ’
2411 3022 2489 3085 de
2558 3037 2747 3104 sorte,

731 3162 889 3225 quae
946 3160 1253 3222 quamque
1297 3151 1573 3216 maneat,
1633 3139 1798 3200 inter
1845 3150 2099 3221 questus
2153 3151 2215 3199 et
2272 3139 2743 3203 lamentationes

730 3256 930 3320 varias
988 3254 1301 3317 declarant
1358 3253 1824 3316 sollicitudines.
1907 3255 2065 3316 Tum
2128 3254 2299 3316 adest
2354 3256 2742 3340 Talthybius,

727 3391 952 3452 praeco
1012 3370 1429 3451 Achivorum,
1497 3370 1838 3432 sortitionis
1896 3370 2089 3433 factae
2146 3383 2436 3434 eventum
2494 3372 2745 3435 nuntia-i

730 3498 927 3548 turus.
1010 3487 1108 3550 Ex
1147 3489 1262 3549 hoc
1306 3507 1463 3570 quae
1506 3486 1892 3568 comperiuut
1931 3476 2234 3566 Troades,
2295 3492 2416 3564 jam
2475 3488 2620 3551 satis
2660 3489 2741 3552 iis

728 3597 1093 3675 ostendunt,
1142 3621 1299 3682 quos
1339 3600 1621 3663 dominos
1664 3600 1984 3662 habiturae
2026 3600 2179 3677 sint,
2237 3600 2329 3663 fas
2371 3596 2432 3661 et
2471 3622 2741 3684 aequum

661 3706 684 3767 .’
727 3732 948 3792 parum
1001 3723 1302 3773 curantes.
1402 3714 1925 3793 Agamemnonem
1978 3712 2238 3775 audiunt
2291 3734 2542 3794 poscere
2599 3736 2740 3778 san-

729 3838 886 3887 ctam
929 3825 1238 3906 Apollinis
1296 3829 1671 3891 sacerdotem
1715 3828 2149 3906 Cassandram,
2215 3838 2284 3889 ut
2340 3829 2463 3890 tori
2518 3829 2613 3891 sui
2653 3828 2737 3891 sit

728 3939 911 4000 socia.
996 3938 1284 4015 Ulixem,
1336 3941 1434 4001 cui
1477 3943 1698 4021 obtigit
1748 3916 2088 4006 miserrima
2128 3943 2411 4020 Hecuba,
2456 3947 2577 4019 jam
2619 3940 2735 4005 du-

828 4170 921 4238 33)
958 4171 1285 4239 Zirndorfer,
1313 4169 1375 4222 de
1404 4168 1744 4242 chronologia
1771 4171 2067 4225 fabularum
2098 4172 2518 4244 Euripidearum.
2556 4170 2730 4225 Marb.

729 4270 879 4320 1839.
928 4288 978 4339 p.
1010 4272 1095 4322 71.
