3080 5242
1525 489 2028 587 ¹--24---

816 696 1173 808 peregrinos
1216 697 1396 788 vario«
1433 721 1622 785 modo
1661 721 1925 784 vexabat
1966 730 2028 779 et
2069 718 2496 798 opprimebat,
2538 717 2600 775 in
2642 713 2912 794 capti-

816 844 1008 903 vitate
1065 851 1387 920 tenentur,
1445 838 1511 898 in
1555 857 1679 918 qua
1720 832 2082 895 servitutem
2131 830 2199 891 hi
2242 850 2510 911 nequam
2555 828 2907 890 serviunt

817 954 1085 1016 desidiae
1130 974 1346 1015 eorum
1402 951 1911 1013 molestissimam.
1993 948 2077 1008 Et
2135 944 2244 1007 diu
2302 944 2553 1027 quidem
2607 941 2899 1003 latroni

817 1069 915 1129 illi
956 1068 1297 1129 servierant
1338 1087 1452 1127 nec
1495 1065 1765 1147 querelis
1806 1072 2238 1143 pepercerant,
2305 1080 2498 1142 quum
2539 1059 2894 1122 Hercules

820 1183 888 1243 in
931 1202 1032 1241 eas
1074 1180 1353 1259 regiones
1395 1176 1669 1241 advenit.
1754 1173 1951 1251 Quem
1987 1187 2048 1235 et
2074 1175 2279 1255 ipsum
2310 1173 2558 1234 structis
2600 1171 2885 1235 insidiis

755 1307 758 1310 ’
823 1294 1223 1356 circumvenit
1284 1293 1615 1375 Sisyphus,
1685 1304 1751 1354 at
1813 1295 2067 1375 laqueos
2141 1288 2350 1369 rumpi
2417 1286 2589 1350 videt
2662 1288 2881 1365 hujus

824 1406 1028 1467 herois
1071 1406 1136 1468 vi
1165 1404 1419 1467 d1vina.
1504 1406 1662 1465 Mox
1727 1403 1862 1485 ipse
1906 1406 2137 1465 clavam
2176 1402 2458 1463 Herculis
2516 1401 2716 1462 sentit
2765 1399 2877 1461 vi-

823 1532 1071 1604 tamque
1106 1516 1371 1601 amittit3
1409 1540 1535 1604 quo
1583 1495 1747 1582 facto
1789 1520 2000 1602 Satyri
2039 1519 2285 1581 liberati
2313 1517 2566 1579 Herculi
2611 1514 2873 1579 vindici

824 1634 1002 1695 laetis
1059 1634 1312 1696 vocibus
1376 1645 1716 1713 gratantur.
1817 1634 1898 1695 Et
1937 1636 2055 1694 hoc
2111 1630 2363 1715 quidem
2417 1642 2869 1709 argumentum

827 1747 1068 1806 fabulae
1111 1746 1298 1807 fuisse
1341 1744 1624 1822 videtur,
1674 1743 1841 1825 quod
1883 1747 2040 1805 bene
2083 1743 2347 1826 quadrat
2401 1754 2462 1804 et
2502 1742 2568 1802 in
2608 1743 2867 1802 Hercu-

828 1858 904 1917 lis
945 1876 1183 1917 morem
1231 1867 1295 1916 et
1333 1856 1401 1916 in
1438 1876 1539 1933 ea,
1593 1876 1752 1938 quae
1784 1854 1870 1915 de
1905 1855 2176 1936 Sisypho
2228 1868 2580 1924 narrantur.
2665 1856 2863 1915 Hunc

832 1970 1038 2031 Schol.
1080 1967 1160 2029 ad
1202 1969 1386 2029 Hom.
1427 1969 1500 2030 Il.
1530 1969 1580 2045 I,
1605 1969 1750 2030 180.
1791 1969 1864 2028 Il.
1891 1969 2166 2046 VI‚153.
2207 1968 2550 2030 viatoribus
2592 1966 2857 2029 insidias

833 2082 1131 2144 struxisse
1176 2101 1402 2163 eosque
1428 2101 1585 2143 saxo
1611 2080 1990 2142 interfecisse
2023 2079 2229 2142 tradit.
2316 2080 2598 2143 Herculis
2639 2093 2855 2142 autem

831 2200 1234 2281 praecipuum
1295 2197 1610 2276 negotium
1672 2207 1829 2274 erat,
1871 2196 2210 2274 maleficos,
2268 2196 2378 2279 qui
2421 2210 2617 2258 terras
2660 2218 2851 2259 vexa-

831 2312 1015 2388 bant,
1072 2310 1447 2373 interimere.
1533 2307 1699 2385 Quid
1753 2308 1922 2391 quod
1963 2310 2264 2387 Theseus,
2326 2310 2436 2393 qui
2482 2331 2662 2391 saepe
2712 2332 2845 2371 sum

832 2427 1099 2486 Hercule
1171 2422 1600 2505 confunditur,
1683 2424 1851 2505 apud
1911 2425 2114 2490 Schol.
2177 2423 2253 2486 ad
2321 2424 2474 2487 Stat.
2532 2425 2728 2491 Theb.
2771 2425 2846 2501 ΙΙ,

836 2540 981 2598 380.
1067 2537 1404 2617 Sisyphum
1433 2534 1811 2616 praedonem
1853 2536 2232 2597 interfecisse
2265 2535 2522 2614 dicitur,
2563 2536 2844 2600 videlicet

837 2661 1245 2710 commutatus
1291 2671 1429 2710 cum
1470 2651 1755 2711 Hercule.
1848 2651 2157 2732 Denique
2187 2652 2348 2712 latro
2393 2654 2470 2713 ab
2510 2654 2695 2714 heroe
2735 2654 2841 2714 ali·

838 2784 963 2848 quo
1012 2765 1335 2845 castigatus
1380 2765 1672 2847 frequens
1716 2776 1849 2826 erat
1886 2765 2131 2826 fabulae
2163 2765 2477 2850 Satyricae
2528 2765 2837 2848 argumen-

843 2894 1001 2960 tum,
1060 2886 1226 2958 cujus
1268 2880 1361 2942 rei
1403 2882 1687 2966 exempla
1729 2892 1874 2943 sunt
1914 2880 2231 2966 Euripidis
2274 2880 2540 2966 Cyclops
2592 2894 2656 2944 et
2701 2876 2835 2949 Σά-

838 3019 1021 3081 τυροι
1069 2996 1399 3078 θερισταί.

1006 3108 1090 3168 At
1144 3120 1389 3170 exstant
1430 3110 1590 3170 aliae·
1640 3130 1890 3193 quoque
1936 3111 2176 3174 fabulae
2219 3112 2296 3174 de
2339 3127 2541 3175 morte
2579 3115 2831 3198 Sisyphi,

840 3240 997 3303 quae
1070 3230 1130 3279 et
1183 3219 1353 3300 ipsae
1420 3219 1697 3282 indolem
1739 3222 2109 3304 'Satyricam
2169 3225 2466 3290 referunt.
2575 3226 2830 3309 Quarum

840 3353 960 3394 una
986 3328 1076 3418 56)
1131 3331 1382 3415 Sisyphi
1422 3333 1634 3396 dolum
1692 3337 1997 3417 continet,
2058 3360 2183 3421 quo
2246 3334 2564 3408 Θάνατον
2617 3366 2652 3404 a
2689 3344 2827 3406 Jove

839 3443 1089 3508 missum
1130 3447 1393 3510 vinculis
1437 3450 1830 3512 constrinxit.
1905 3451 2148 3532 Jupiter
2191 3454 2355 3514 enim
2394 3455 2621 3532 iratus,
2677 3455 2827 3537 quod

840 3558 1157 3640 Sisyphus,
1200 3561 1486 3643 indagato
1528 3576 1716 3645 raptu
1746 3566 2035 3645 Aeginae,
2079 3568 2372 3648 Asopum,
2415 3576 2657 3649 patrem
2693 3575 2823 3648 ejus,

843 3672 918 3735 de
963 3695 1035 3734 ea
1077 3696 1146 3735 re
1190 3677 1569 3759 edocuisset,
1617 3679 1937 3747 Θάνατον
1977 3682 2180 3762 misit,
2243 3683 2352 3765 qui
2394 3681 2715 3765 Sisyphum
2751 3682 2822 3745 ad

842 3788 1071 3849 inferos
1114 3789 1461 3855 abduceret.
1548 3795 1848 3879 Sisyphus
1892 3810 2125 3874 autem,
2168 3819 2291 3880 qua
2338 3811 2469 3859 erat
2509 3799 2818 3878 sagacitate,

842 3903 1163 3964 imminens
1242 3906 1584 3987 periculum
1669 3908 2159 3972 animadvertens
2246 3913 2818 3995 appropinquantem

843 4016 1163 4108 Θάνατον
1227 4020 1534 4099 oppressit
1598 4037 1785 4102 atque
1846 4024 1912 4086 in
1976 4026 2220 4088 vincula
2279 4028 2554 4104 conjecit.
2649 4029 2813 4111 Atqui

946 4241 1041 4310 36)
1080 4242 1158 4293 Cf.
1197 4240 1462 4297 Wclcker.
1499 4239 1863 4312 Aeschylische
1897 4243 2134 4316 Trilogie
2182 4267 2230 4318 p.
2252 4251 2368 4303 555.
