3080 5242
1064 627 1147 637 .-
1235 593 1278 656 3
1365 627 1447 638 -

237 761 446 837 them,
506 760 760 836 Persae,
823 770 1126 840 quantum
1185 763 1485 837 coniicere
1564 763 1741 839 licet,
1806 785 2016 844 parem
2079 789 2259 848 argu·

229 874 420 936 menti
465 872 947 953 perpetuitatem
990 870 1414 935 ostenderunt.
1498 874 1580 935 Et
1623 878 1774 937 haec
1817 878 2065 959 quidem
2095 883 2258 943 ratio

230 1000 361 1049 erat
404 986 709 1065 trilogiae.
795 984 994 1060 Quam
1031 987 1380 1068 excipiebat
1424 989 1633 1051 fabula
1675 991 1985 1072 Satyrica‚
2026 993 2091 1052 in
2136 1015 2261 1075 qua

230 1102 496 1179 tragicae
539 1120 838 1180 personae
881 1102 1067 1161 simul
1110 1122 1247 1161 cum
1291 1101 1530 1183 Satyris
1589 1102 1951 1182 prodibant,
2015 1118 2076 1165 et
2123 1127 2256 1166 eam

232 1216 313 1275 ob
358 1233 594 1274 causam
639 1214 904 1273 multum
949 1211 1026 1273 de
1054 1215 1354 1292 gravitate
1395 1235 1505 1276 sua
1539 1216 1937 1277 remittebant
1956 1215 2033 1301 3).
2097 1217 2261 1292 Qua-

234 1350 373 1389 rum
439 1329 788 1390 fabularum
846 1342 1205 1407 argumenta
1280 1349 1723 1410 nonnunquam
1784 1351 1923 1390 cum
1998 1333 2260 1411 trilogiis

233 1444 663 1505 cohaerebant.

400 1557 522 1619 Sed
565 1555 1269 1635 tetralogiae-rationem
1313 1555 1664 1618 immutavit
1723 1554 2091 1635 Sophocles,
2134 1570 2260 1620 tra-

231 1667 478 1748 goedias
521 1668 745 1729 docens
791 1689 824 1728 e
872 1668 1061 1730 variis
1104 1668 1479 1746 argumentis
1522 1668 1749 1748 petitas
1793 1681 1855 1729 et
1897 1691 2012 1750 per
2056 1692 2121 1731 se
2163 1673 2261 1733 in-

234 1797 455 1862 tegras.
540 1780 760 1843 Suidas
805 1804 851 1843 s.
899 1784 1268 1868 Σοφοκλῆς.
1315 1775 1526 1866 Ἠρξε
1557 1781 1780 1867 δρᾶμα
1816 1775 1982 1866 πρὸς
2030 1783 2258 1868 δρᾶμα

231 1891 701 1983 ἀγωνίζεσθαι,
765 1890 931 1964 ἄλλά
1017 1891 1117 1981 μή
1197 1899 1672 1984 τετραλογίαν,
1746 1907 1973 1962 certavit
2046 1908 2260 1983 primus

231 2008 595 2093 (producens)
641 2012 850 2072 drama
906 2013 1175 2073 adversus
1231 2012 1439 2072 drama
1454 2055 1472 2089 ‚
1539 2035 1646 2073 non
1708 2015 2059 2091 teir-alogiam
2121 2013 2261 2100 (ad-

232 2149 418 2187 versus
481 2122 882 2209 teir-alogiam).
991 2124 1090 2184 Ex
1150 2124 1247 2183 his
1327 2122 1578 2205 quidem
1644 2125 1849 2187 verbis
1910 2126 2061 2206 ipsis
2132 2147 2260 2188 non

232 2250 442 2318 patet,
494 2255 641 2297 num
684 2237 950 2314 singulas
994 2246 1235 2294 tantum
1281 2234 1516 2294 fabulas
1571 2233 1848 2295 docuerit
1906 2236 2259 2318 Sophocles,

234 2375 312 2412 an
359 2365 718 2434 quaternas,
763 2373 919 2435 quae
967 2351 1241 2428 singulae
1283 2349 1539 2428 singulis
1605 2348 1941 2412 adversarii
1984 2371 2261 2432 oppone-

230 2480 482 2531 rentur:
550 2489 770 2529 verum
821 2466 1116 2549 quoniam
1156 2462 1320 2524 haud
1362 2464 1684 2544 probabile
1737 2475 1857 2540 est,
1899 2465 2260 2526 sollemnem

229 2600 469 2642 morem
512 2581 830 2663 quaternis
873 2580 1097 2640 fabulis
1139 2577 1415 2641 certandi
1477 2579 1847 2661 Sophoclem
1902 2578 2258 2662 relinquere

227 2700 538 2781 potuisse,
580 2697 832 2760 Suidam
875 2709 937 2758 et
978 2698 1184 2776 ipsum
1227 2695 1520 2776 Sophocli
1576 2694 1931 2758 didascalias
1989 2710 2260 2777 quatuor

230 2814 577 2874 fabularum
621 2812 895 2871 tribuere
937 2822 1244 2890 putamus.
1330 2806 1513 2884 Quod
1558 2822 1686 2869 tam
1742 2809 2024 2886 ambigue
2084 2810 2259 2891 loqui

231 2945 359 2987 non
401 2924 658 3001 vitavit,
700 2924 957 2983 fortasse
1001 2943 1073 2982 ea
1121 2942 1299 2981 causa
1327 2921 1556 2981 factum
1604 2932 1727 2997 est,
1771 2918 1938 3000 quod
1977 2940 2102 2982 non
2145 2921 2261 2983 du-

228 3039 497 3114 bitabat,
541 3038 693 3119 quin
733 3057 944 3097 omnes
989 3031 1429 3119 ἅγωνίζεσθαι
1472 3030 1549 3091 de
1589 3034 2009 3111 tete-alogiorum
2064 3048 2261 3097 certa-

228 3152 397 3212 mine
463 3151 832 3231 acciperent.
937 3149 1272 3229 Sophocles
1339 3146 1561 3224 igitur,
1629 3165 1813 3227 quem
1883 3148 2258 3227 posteriores

229 3276 425 3336 ferme
467 3282 679 3351 omnes
710 3263 937 3324 imitati
977 3275 1138 3337 sunt,
1180 3271 1397 3321 auctor
1438 3259 1558 3318 fuit
1603 3258 1751 3321 novi
1792 3259 2031 3337 generis
2070 3270 2261 3320 tetra-

229 3376 535 3455 logiarum
566 3373 646 3460 ⁴).
732 3373 916 3451 Quod
956 3373 1206 3457 quidem
1249 3383 1311 3433 et
1353 3371 1557 3451 ipsum
1609 3391 1641 3430 e
1683 3371 1877 3432 ternis
1932 3370 2260 3449 tragoediis

377 3624 438 3693 3)
474 3622 842 3691 Quamobrem
878 3622 1158 3682 παίζουσαν
1194 3627 1490 3695 τραγῳδίαν
1542 3624 1786 3678 nonnulli
1834 3625 2066 3680 fabulam
2102 3626 2262 3701 Saty·

231 3722 399 3776 ticam
436 3735 765 3776 vocaverunt.
839 3723 919 3776 De
946 3744 1048 3796 qua
1082 3723 1230 3777 locus
1277 3734 1351 3777 est
1377 3723 1618 3795 egregius
1653 3723 1831 3779 Horat.
1867 3747 1948 3798 ep.
1964 3727 2026 3794 Π,
2057 3730 2108 3794 3,
2137 3733 2258 3783 22⁰.

374 3820 438 3891 4)
475 3821 629 3890 Quae
663 3823 842 3877 nescio
881 3844 949 3876 an
991 3822 1176 3877 melius
1212 3822 1519 3877 didascaliae
1558 3837 1830 3882 vocentur.
1901 3827 2036 3880 Nam
2073 3849 2259 3899 τετριι·

234 3924 417 3988 λογία,
452 3921 494 3974 si
530 3940 697 3974 unum
733 3922 1032 3994 Diogenem
1070 3921 1338 3976 Laenium
1377 3921 1688 3994 excipimus,
1738 3944 1898 3996 quem
1946 3923 2134 3978 Suidas
2171 3946 2261 3977 ex-

232 4022 472 4093 scripsit,
508 4023 774 4077 internum
812 4043 1002 4078 nexum
1036 4044 1300 4097 nusquam
1332 4044 1444 4078 non
1483 4025 1715 4079 indicare
1746 4025 1964 4080 videtur.
2034 4025 2265 4098 Diogen.

234 4120 409 4176 Laert.
444 4120 541 4186 III,
567 4124 652 4177 36.
725 4120 1027 4193 Θράσυλλος
1062 4126 1122 4176 δέ
1156 4142 1280 4194 φησι
1316 4127 1403 4176 καὶ
1453 4120 1588 4175 κατά
1639 4119 1736 4193 τήν
1774 4120 2024 4195 τραγικήν
2077 4143 2265 4195 τετρα-

233 4221 414 4285 λογίαν
448 4221 684 4271 ἓιιδοῦναι
718 4216 875 4272 αὐτὼ·
924 4217 1230 4289 (Πλάτωνα)
1276 4216 1400 4279 τούς
1461 4217 1760 4288 διαλόγους·
1822 4220 1925 4274 οἷον
1971 4224 2147 4274 ἐκεῖνοι
2181 4224 2267 4272 τέ-

235 4337 396 4388 τρασι
446 4313 707 4389 δράμασιν
755 4315 1057 4389 ἠγωνίζοντο
1118 4322 1438 4381 Διονυσίοις,
1505 4322 1779 4388 Ληναίοις,
1848 4321 2265 4387 Παναθηναίοις,

1608 4420 1699 4479 1*
