<?xml version="1.0" encoding="UTF-8"?>
<!DOCTYPE html PUBLIC "-//W3C//DTD XHTML 1.0 Transitional//EN"
    "http://www.w3.org/TR/xhtml1/DTD/xhtml1-transitional.dtd">
<html xmlns="http://www.w3.org/1999/xhtml" xml:lang="en" lang="en">
 <head>
  <title>
</title>
<meta http-equiv="Content-Type" content="text/html;charset=utf-8" />
  <meta name='ocr-system' content='tesseract 3.04.00' />
  <meta name='ocr-capabilities' content='ocr_page ocr_carea ocr_par ocr_line ocrx_word'/>
</head>
<body>
  <div class='ocr_page' id='page_1' title='image "./deeuripidistroi00plangoog_0025.png"; bbox 0 0 3080 5242; ppageno 0'>
   <div class='ocr_carea' id='block_1_1' title="bbox 906 657 1328 722">
    <p class='ocr_par' dir='ltr' id='par_1_1' title="bbox 906 657 1328 722">
     <span class='ocr_line' id='line_1_1' title="bbox 906 657 1328 722; baseline 0.005 -20"><span class='ocrx_word' id='word_1_1' title='bbox 906 657 1328 722; x_wconf 65' lang='lat'>..17-</span> 
     </span>
    </p>
   </div>
   <div class='ocr_carea' id='block_1_2' title="bbox 90 855 2120 2630">
    <p class='ocr_par' dir='ltr' id='par_1_2' title="bbox 104 855 2120 1737">
     <span class='ocr_line' id='line_1_2' title="bbox 122 855 2118 926; baseline 0.005 -9"><span class='ocrx_word' id='word_1_2' title='bbox 122 857 355 920; x_wconf 86' lang='lat' dir='ltr'><strong>omnino</strong></span> <span class='ocrx_word' id='word_1_3' title='bbox 398 858 651 919; x_wconf 86' lang='lat' dir='ltr'><strong>inventa</strong></span> <span class='ocrx_word' id='word_1_4' title='bbox 697 876 828 918; x_wconf 90' lang='lat' dir='ltr'><strong>esse</strong></span> <span class='ocrx_word' id='word_1_5' title='bbox 873 855 1161 919; x_wconf 82' lang='lat' dir='ltr'><strong>videatur</strong></span> <span class='ocrx_word' id='word_1_6' title='bbox 1204 857 1283 919; x_wconf 91' lang='lat' dir='ltr'><strong>ad</strong></span> <span class='ocrx_word' id='word_1_7' title='bbox 1335 860 1751 923; x_wconf 82' lang='lat' dir='ltr'><strong>excusandum</strong></span> <span class='ocrx_word' id='word_1_8' title='bbox 1798 863 2118 926; x_wconf 87' lang='lat' dir='ltr'><strong>consilium</strong></span> 
     </span>
     <span class='ocr_line' id='line_1_3' title="bbox 118 973 2119 1051; baseline 0.003 -18"><span class='ocrx_word' id='word_1_9' title='bbox 118 991 279 1033; x_wconf 85' lang='lat' dir='ltr'><strong>suum</strong></span> <span class='ocrx_word' id='word_1_10' title='bbox 336 974 719 1033; x_wconf 86' lang='lat' dir='ltr'><strong>sceleratum.</strong></span> <span class='ocrx_word' id='word_1_11' title='bbox 819 973 1026 1033; x_wconf 90' lang='lat' dir='ltr'><strong>Multo</strong></span> <span class='ocrx_word' id='word_1_12' title='bbox 1076 973 1326 1051; x_wconf 89' lang='lat' dir='ltr'><strong>majoris</strong></span> <span class='ocrx_word' id='word_1_13' title='bbox 1374 976 1673 1037; x_wconf 84' lang='lat' dir='ltr'><strong>momenti</strong></span> <span class='ocrx_word' id='word_1_14' title='bbox 1725 976 1888 1038; x_wconf 84' lang='lat' dir='ltr'><strong>haud</strong></span> <span class='ocrx_word' id='word_1_15' title='bbox 1936 977 2119 1041; x_wconf 88' lang='lat' dir='ltr'><strong>dubie</strong></span> 
     </span>
     <span class='ocr_line' id='line_1_4' title="bbox 113 1083 2120 1169; baseline 0.003 -23"><span class='ocrx_word' id='word_1_16' title='bbox 113 1084 226 1147; x_wconf 79' lang='lat' dir='ltr'><strong>suit</strong></span> <span class='ocrx_word' id='word_1_17' title='bbox 256 1083 490 1148; x_wconf 87' lang='lat' dir='ltr'><strong>invidia</strong></span> <span class='ocrx_word' id='word_1_18' title='bbox 520 1084 725 1165; x_wconf 85' lang='lat' dir='ltr'><strong>magni</strong></span> <span class='ocrx_word' id='word_1_19' title='bbox 753 1084 1051 1163; x_wconf 89' lang='lat' dir='ltr'><strong>nominis,</strong></span> <span class='ocrx_word' id='word_1_20' title='bbox 1091 1086 1260 1169; x_wconf 87' lang='lat' dir='ltr'><strong>quod</strong></span> <span class='ocrx_word' id='word_1_21' title='bbox 1290 1088 1673 1167; x_wconf 74' lang='lat' dir='ltr'><strong>Palamedes,</strong></span> <span class='ocrx_word' id='word_1_22' title='bbox 1714 1092 2120 1152; x_wconf 79' lang='lat' dir='ltr'><strong>maximarum</strong></span> 
     </span>
     <span class='ocr_line' id='line_1_5' title="bbox 110 1196 2117 1285; baseline 0.005 -26"><span class='ocrx_word' id='word_1_23' title='bbox 110 1219 313 1260; x_wconf 89' lang='lat' dir='ltr'><strong>rerum</strong></span> <span class='ocrx_word' id='word_1_24' title='bbox 361 1199 654 1262; x_wconf 80' lang='lat' dir='ltr'><strong>inventor</strong></span> <span class='ocrx_word' id='word_1_25' title='bbox 675 1196 800 1285; x_wconf 75' lang='lat'><strong>2⁶),</strong></span> <span class='ocrx_word' id='word_1_26' title='bbox 862 1201 1139 1263; x_wconf 87' lang='lat' dir='ltr'><strong>sollertia</strong></span> <span class='ocrx_word' id='word_1_27' title='bbox 1183 1224 1253 1263; x_wconf 88' lang='lat' dir='ltr'><strong>ac</strong></span> <span class='ocrx_word' id='word_1_28' title='bbox 1303 1202 1606 1284; x_wconf 88' lang='lat' dir='ltr'><strong>sapientia</strong></span> <span class='ocrx_word' id='word_1_29' title='bbox 1658 1218 1791 1268; x_wconf 89' lang='lat' dir='ltr'><strong>toto</strong></span> <span class='ocrx_word' id='word_1_30' title='bbox 1845 1208 2117 1269; x_wconf 82' lang='lat' dir='ltr'><strong>exercitu</strong></span> 
     </span>
     <span class='ocr_line' id='line_1_6' title="bbox 107 1313 2119 1396; baseline 0.005 -23"><span class='ocrx_word' id='word_1_31' title='bbox 107 1325 316 1374; x_wconf 87' lang='lat' dir='ltr'><strong>nactus</strong></span> <span class='ocrx_word' id='word_1_32' title='bbox 371 1325 521 1374; x_wconf 88' lang='lat' dir='ltr'><strong>erat.</strong></span> <span class='ocrx_word' id='word_1_33' title='bbox 636 1313 717 1374; x_wconf 90' lang='lat' dir='ltr'><strong>Et</strong></span> <span class='ocrx_word' id='word_1_34' title='bbox 768 1314 930 1376; x_wconf 89' lang='lat' dir='ltr'><strong>hanc</strong></span> <span class='ocrx_word' id='word_1_35' title='bbox 986 1313 1236 1396; x_wconf 87' lang='lat' dir='ltr'><strong>quidem</strong></span> <span class='ocrx_word' id='word_1_36' title='bbox 1297 1338 1536 1379; x_wconf 87' lang='lat' dir='ltr'><strong>causam</strong></span> <span class='ocrx_word' id='word_1_37' title='bbox 1594 1339 1807 1382; x_wconf 88' lang='lat' dir='ltr'><strong>omnes</strong></span> <span class='ocrx_word' id='word_1_38' title='bbox 1867 1320 2119 1383; x_wconf 87' lang='lat' dir='ltr'><strong>tradunt</strong></span> 
     </span>
     <span class='ocr_line' id='line_1_7' title="bbox 105 1424 2119 1516; baseline 0.003 -30"><span class='ocrx_word' id='word_1_39' title='bbox 105 1438 400 1488; x_wconf 88' lang='lat' dir='ltr'><strong>auctores.</strong></span> <span class='ocrx_word' id='word_1_40' title='bbox 498 1424 623 1489; x_wconf 86' lang='lat' dir='ltr'><strong>Sed</strong></span> <span class='ocrx_word' id='word_1_41' title='bbox 674 1427 861 1488; x_wconf 86' lang='lat' dir='ltr'><strong>tertia</strong></span> <span class='ocrx_word' id='word_1_42' title='bbox 913 1449 1092 1489; x_wconf 90' lang='lat' dir='ltr'><strong>causa</strong></span> <span class='ocrx_word' id='word_1_43' title='bbox 1142 1427 1387 1507; x_wconf 88' lang='lat' dir='ltr'><strong>aderat,</strong></span> <span class='ocrx_word' id='word_1_44' title='bbox 1447 1430 1614 1511; x_wconf 89' lang='lat' dir='ltr'><strong>apud</strong></span> <span class='ocrx_word' id='word_1_45' title='bbox 1664 1431 2000 1509; x_wconf 85' lang='lat' dir='ltr'><strong>Virgilium</strong></span> <span class='ocrx_word' id='word_1_46' title='bbox 2027 1431 2119 1516; x_wconf 78' lang='lat'><strong>2⁷)</strong></span> 
     </span>
     <span class='ocr_line' id='line_1_8' title="bbox 104 1539 1718 1604; baseline 0.003 -5"><span class='ocrx_word' id='word_1_47' title='bbox 104 1540 169 1600; x_wconf 90' lang='lat' dir='ltr'><strong>in</strong></span> <span class='ocrx_word' id='word_1_48' title='bbox 211 1541 489 1601; x_wconf 84' lang='lat' dir='ltr'><strong>oratione</strong></span> <span class='ocrx_word' id='word_1_49' title='bbox 522 1539 771 1602; x_wconf 88' lang='lat' dir='ltr'><strong>Sinonis</strong></span> <span class='ocrx_word' id='word_1_50' title='bbox 817 1554 1293 1602; x_wconf 86' lang='lat' dir='ltr'><strong>commemorata</strong></span> <span class='ocrx_word' id='word_1_51' title='bbox 1339 1542 1435 1603; x_wconf 89' lang='lat' dir='ltr'><strong>his</strong></span> <span class='ocrx_word' id='word_1_52' title='bbox 1475 1542 1718 1604; x_wconf 76' lang='lat' dir='ltr'><strong>verbisz</strong></span> 
     </span>
     <span class='ocr_line' id='line_1_9' title="bbox 826 1653 2072 1737; baseline 0.001 -20"><span class='ocrx_word' id='word_1_53' title='bbox 826 1653 1027 1731; x_wconf 86' lang='lat' dir='ltr'><strong>Quem</strong></span> <span class='ocrx_word' id='word_1_54' title='bbox 1077 1656 1230 1718; x_wconf 75' lang='lat' dir='ltr'><strong>falsa</strong></span> <span class='ocrx_word' id='word_1_55' title='bbox 1275 1658 1390 1718; x_wconf 89' lang='lat' dir='ltr'><strong>sub</strong></span> <span class='ocrx_word' id='word_1_56' title='bbox 1437 1655 1795 1737; x_wconf 85' lang='lat' dir='ltr'><strong>proditione</strong></span> <span class='ocrx_word' id='word_1_57' title='bbox 1838 1659 2072 1737; x_wconf 75' lang='lat' dir='ltr'><strong>Pelasgi</strong></span> 
     </span>
    </p>

    <p class='ocr_par' dir='ltr' id='par_1_3' title="bbox 265 1766 1945 1851">
     <span class='ocr_line' id='line_1_10' title="bbox 265 1766 1945 1851; baseline 0.001 -22"><span class='ocrx_word' id='word_1_58' title='bbox 265 1771 610 1846; x_wconf 87' lang='lat' dir='ltr'><strong>Insontem,</strong></span> <span class='ocrx_word' id='word_1_59' title='bbox 659 1766 917 1830; x_wconf 74' lang='lat' dir='ltr'><strong>infando</strong></span> <span class='ocrx_word' id='word_1_60' title='bbox 958 1767 1220 1843; x_wconf 78' lang='lat' dir='ltr'><strong>indicio,</strong></span> <span class='ocrx_word' id='word_1_61' title='bbox 1281 1768 1429 1851; x_wconf 85' lang='lat' dir='ltr'><strong>quia</strong></span> <span class='ocrx_word' id='word_1_62' title='bbox 1473 1770 1638 1830; x_wconf 88' lang='lat' dir='ltr'><strong>bella</strong></span> <span class='ocrx_word' id='word_1_63' title='bbox 1679 1772 1945 1848; x_wconf 81' lang='lat' dir='ltr'><strong>vetabat,</strong></span> 
     </span>
    </p>

    <p class='ocr_par' dir='ltr' id='par_1_4' title="bbox 90 1883 2118 2630">
     <span class='ocr_line' id='line_1_11' title="bbox 267 1883 1853 1964; baseline 0 -20"><span class='ocrx_word' id='word_1_64' title='bbox 267 1883 587 1945; x_wconf 86' lang='lat' dir='ltr'><strong>Demisere</strong></span> <span class='ocrx_word' id='word_1_65' title='bbox 631 1885 799 1961; x_wconf 89' lang='lat' dir='ltr'><strong>neci,</strong></span> <span class='ocrx_word' id='word_1_66' title='bbox 860 1906 1023 1946; x_wconf 90' lang='lat' dir='ltr'><strong>nunc</strong></span> <span class='ocrx_word' id='word_1_67' title='bbox 1068 1904 1303 1946; x_wconf 89' lang='lat' dir='ltr'><strong>cassum</strong></span> <span class='ocrx_word' id='word_1_68' title='bbox 1346 1883 1580 1945; x_wconf 90' lang='lat' dir='ltr'><strong>lumine</strong></span> <span class='ocrx_word' id='word_1_69' title='bbox 1620 1885 1853 1964; x_wconf 85' lang='lat' dir='ltr'><strong>lugent.</strong></span> 
     </span>
     <span class='ocr_line' id='line_1_12' title="bbox 98 1995 2113 2077; baseline -0 -18"><span class='ocrx_word' id='word_1_70' title='bbox 98 1996 271 2074; x_wconf 88' lang='lat' dir='ltr'><strong>Quae</strong></span> <span class='ocrx_word' id='word_1_71' title='bbox 327 2018 427 2057; x_wconf 90' lang='lat' dir='ltr'><strong>res</strong></span> <span class='ocrx_word' id='word_1_72' title='bbox 486 1997 606 2058; x_wconf 91' lang='lat' dir='ltr'><strong>nisi</strong></span> <span class='ocrx_word' id='word_1_73' title='bbox 661 2018 740 2060; x_wconf 82' lang='lat' dir='ltr'><strong>ex</strong></span> <span class='ocrx_word' id='word_1_74' title='bbox 793 1998 1079 2060; x_wconf 81' lang='lat' dir='ltr'><strong>universa</strong></span> <span class='ocrx_word' id='word_1_75' title='bbox 1128 1998 1372 2060; x_wconf 78' lang='lat' dir='ltr'><strong>fabulae</strong></span> <span class='ocrx_word' id='word_1_76' title='bbox 1430 1997 1877 2077; x_wconf 76' lang='lat' dir='ltr'><strong>compositione</strong></span> <span class='ocrx_word' id='word_1_77' title='bbox 1927 1995 2113 2058; x_wconf 90' lang='lat' dir='ltr'><strong>fidem</strong></span> 
     </span>
     <span class='ocr_line' id='line_1_13' title="bbox 93 2107 2115 2191; baseline 0 -20"><span class='ocrx_word' id='word_1_78' title='bbox 93 2113 352 2172; x_wconf 84' lang='lat' dir='ltr'><strong>baberet</strong></span> <span class='ocrx_word' id='word_1_79' title='bbox 377 2107 500 2191; x_wconf 78' lang='grc'><strong>28),</strong></span> <span class='ocrx_word' id='word_1_80' title='bbox 561 2112 978 2173; x_wconf 89' lang='lat' dir='ltr'><strong>testimonium</strong></span> <span class='ocrx_word' id='word_1_81' title='bbox 1035 2111 1286 2174; x_wconf 87' lang='lat' dir='ltr'><strong>Sinonis</strong></span> <span class='ocrx_word' id='word_1_82' title='bbox 1336 2112 1552 2172; x_wconf 83' lang='lat' dir='ltr'><strong>falsam</strong></span> <span class='ocrx_word' id='word_1_83' title='bbox 1609 2110 1951 2171; x_wconf 89' lang='lat' dir='ltr'><strong>orationem</strong></span> <span class='ocrx_word' id='word_1_84' title='bbox 2005 2112 2115 2171; x_wconf 84' lang='lat' dir='ltr'><strong>ha-</strong></span> 
     </span>
     <span class='ocr_line' id='line_1_14' title="bbox 93 2221 2118 2304; baseline -0.001 -18"><span class='ocrx_word' id='word_1_85' title='bbox 93 2223 299 2286; x_wconf 88' lang='lat' dir='ltr'><strong>bentis</strong></span> <span class='ocrx_word' id='word_1_86' title='bbox 332 2223 494 2284; x_wconf 82' lang='lat' dir='ltr'><strong>nihil</strong></span> <span class='ocrx_word' id='word_1_87' title='bbox 527 2224 779 2284; x_wconf 81' lang='lat' dir='ltr'><strong>omnino</strong></span> <span class='ocrx_word' id='word_1_88' title='bbox 814 2227 1074 2286; x_wconf 83' lang='lat' dir='ltr'><strong>valeret.</strong></span> <span class='ocrx_word' id='word_1_89' title='bbox 1155 2224 1337 2286; x_wconf 86' lang='lat' dir='ltr'><strong>Nune</strong></span> <span class='ocrx_word' id='word_1_90' title='bbox 1366 2242 1514 2286; x_wconf 80' lang='lat' dir='ltr'><strong>vero</strong></span> <span class='ocrx_word' id='word_1_91' title='bbox 1543 2223 1656 2284; x_wconf 83' lang='lat' dir='ltr'><strong>vix</strong></span> <span class='ocrx_word' id='word_1_92' title='bbox 1693 2221 1860 2284; x_wconf 88' lang='lat' dir='ltr'><strong>credi</strong></span> <span class='ocrx_word' id='word_1_93' title='bbox 1890 2236 2118 2304; x_wconf 83' lang='lat' dir='ltr'><strong>potest,</strong></span> 
     </span>
     <span class='ocr_line' id='line_1_15' title="bbox 91 2334 2116 2419; baseline -0.003 -18"><span class='ocrx_word' id='word_1_94' title='bbox 91 2337 418 2419; x_wconf 80' lang='lat' dir='ltr'><strong>Ulyssem,</strong></span> <span class='ocrx_word' id='word_1_95' title='bbox 491 2336 709 2399; x_wconf 78' lang='lat' dir='ltr'><strong>virum·</strong></span> <span class='ocrx_word' id='word_1_96' title='bbox 754 2337 1304 2418; x_wconf 86' lang='lat' dir='ltr'><strong>prudentissimum</strong></span> <span class='ocrx_word' id='word_1_97' title='bbox 1359 2357 1430 2397; x_wconf 91' lang='lat' dir='ltr'><strong>ac</strong></span> <span class='ocrx_word' id='word_1_98' title='bbox 1484 2334 1918 2412; x_wconf 70' lang='lat' dir='ltr'><strong>vasen-imum,</strong></span> <span class='ocrx_word' id='word_1_99' title='bbox 1984 2336 2116 2395; x_wconf 86' lang='lat' dir='ltr'><strong>sine</strong></span> 
     </span>
     <span class='ocr_line' id='line_1_16' title="bbox 90 2446 2117 2530; baseline -0.002 -17"><span class='ocrx_word' id='word_1_100' title='bbox 90 2451 209 2513; x_wconf 87' lang='lat' dir='ltr'><strong>tali</strong></span> <span class='ocrx_word' id='word_1_101' title='bbox 245 2450 561 2511; x_wconf 78' lang='lat' dir='ltr'><strong>occasione</strong></span> <span class='ocrx_word' id='word_1_102' title='bbox 602 2449 976 2530; x_wconf 84' lang='lat' dir='ltr'><strong>proditionis</strong></span> <span class='ocrx_word' id='word_1_103' title='bbox 1020 2449 1250 2511; x_wconf 87' lang='lat' dir='ltr'><strong>crimen</strong></span> <span class='ocrx_word' id='word_1_104' title='bbox 1292 2448 1360 2509; x_wconf 90' lang='lat' dir='ltr'><strong>in</strong></span> <span class='ocrx_word' id='word_1_105' title='bbox 1386 2446 1775 2510; x_wconf 83' lang='lat' dir='ltr'><strong>Palamedem</strong></span> <span class='ocrx_word' id='word_1_106' title='bbox 1814 2452 2117 2524; x_wconf 89' lang='lat' dir='ltr'><strong>conjectu·</strong></span> 
     </span>
     <span class='ocr_line' id='line_1_17' title="bbox 90 2565 495 2630; baseline -0.007 0"><span class='ocrx_word' id='word_1_107' title='bbox 90 2586 238 2630; x_wconf 85' lang='lat' dir='ltr'><strong>rum</strong></span> <span class='ocrx_word' id='word_1_108' title='bbox 287 2565 495 2627; x_wconf 79' lang='lat' dir='ltr'><strong>inisse.</strong></span> 
     </span>
    </p>
   </div>
   <div class='ocr_carea' id='block_1_3' title="bbox 641 2762 1552 2969">
    <p class='ocr_par' dir='ltr' id='par_1_5' title="bbox 641 2762 1552 2969">
     <span class='ocr_line' id='line_1_18' title="bbox 1028 2767 1194 2826; baseline -0.006 -2"><span class='ocrx_word' id='word_1_109' title='bbox 1028 2807 1046 2824; x_wconf 86' lang='lat'><strong>.</strong></span> <span class='ocrx_word' id='word_1_110' title='bbox 1134 2767 1194 2826; x_wconf 83' lang='lat'><strong>5.</strong></span> 
     </span>
     <span class='ocr_line' id='line_1_19' title="bbox 641 2762 1552 2969; baseline 0.001 -28"><span class='ocrx_word' id='word_1_111' title='bbox 641 2877 747 2942; x_wconf 82' lang='lat' dir='ltr'><strong>De</strong></span> <span class='ocrx_word' id='word_1_112' title='bbox 810 2762 1124 2942; x_wconf 48' lang='lat' dir='ltr'><strong>Troadum</strong></span> <span class='ocrx_word' id='word_1_113' title='bbox 1183 2880 1552 2969; x_wconf 64' lang='lat' dir='ltr'><strong>tragoedia.</strong></span> 
     </span>
    </p>
   </div>
   <div class='ocr_carea' id='block_1_4' title="bbox 78 3021 2111 3218">
    <p class='ocr_par' dir='ltr' id='par_1_6' title="bbox 78 3021 2111 3218">
     <span class='ocr_line' id='line_1_20' title="bbox 213 3021 2109 3108; baseline 0 -23"><span class='ocrx_word' id='word_1_114' title='bbox 213 3021 417 3101; x_wconf 87' lang='lat' dir='ltr'><strong>Quam</strong></span> <span class='ocrx_word' id='word_1_115' title='bbox 475 3044 608 3084; x_wconf 90' lang='lat' dir='ltr'><strong>rem</strong></span> <span class='ocrx_word' id='word_1_116' title='bbox 666 3043 746 3084; x_wconf 84' lang='lat' dir='ltr'><strong>ex</strong></span> <span class='ocrx_word' id='word_1_117' title='bbox 799 3043 995 3103; x_wconf 78' lang='lat' dir='ltr'><strong>parva</strong></span> <span class='ocrx_word' id='word_1_118' title='bbox 1055 3021 1244 3085; x_wconf 86' lang='lat' dir='ltr'><strong>Iliade</strong></span> <span class='ocrx_word' id='word_1_119' title='bbox 1301 3024 1561 3105; x_wconf 86' lang='lat' dir='ltr'><strong>petitam</strong></span> <span class='ocrx_word' id='word_1_120' title='bbox 1583 3022 1678 3108; x_wconf 78' lang='lat'><strong>29)</strong></span> <span class='ocrx_word' id='word_1_121' title='bbox 1733 3024 1799 3085; x_wconf 92' lang='lat' dir='ltr'><strong>in</strong></span> <span class='ocrx_word' id='word_1_122' title='bbox 1850 3024 2109 3086; x_wconf 86' lang='lat' dir='ltr'><strong>Troasin</strong></span> 
     </span>
     <span class='ocr_line' id='line_1_21' title="bbox 78 3135 2111 3218; baseline 0 -20"><span class='ocrx_word' id='word_1_123' title='bbox 78 3135 421 3218; x_wconf 86' lang='lat' dir='ltr'><strong>Euripides</strong></span> <span class='ocrx_word' id='word_1_124' title='bbox 473 3136 652 3199; x_wconf 89' lang='lat' dir='ltr'><strong>nobis</strong></span> <span class='ocrx_word' id='word_1_125' title='bbox 696 3139 778 3200; x_wconf 88' lang='lat' dir='ltr'><strong>ob</strong></span> <span class='ocrx_word' id='word_1_126' title='bbox 821 3138 1032 3199; x_wconf 89' lang='lat' dir='ltr'><strong>oculos</strong></span> <span class='ocrx_word' id='word_1_127' title='bbox 1087 3136 1330 3216; x_wconf 88' lang='lat' dir='ltr'><strong>posuit,</strong></span> <span class='ocrx_word' id='word_1_128' title='bbox 1389 3158 1522 3200; x_wconf 88' lang='lat' dir='ltr'><strong>eam</strong></span> <span class='ocrx_word' id='word_1_129' title='bbox 1574 3151 1716 3200; x_wconf 86' lang='lat' dir='ltr'><strong>ante</strong></span> <span class='ocrx_word' id='word_1_130' title='bbox 1762 3139 1942 3200; x_wconf 90' lang='lat' dir='ltr'><strong>illum</strong></span> <span class='ocrx_word' id='word_1_131' title='bbox 1985 3158 2111 3200; x_wconf 90' lang='lat' dir='ltr'><strong>non</strong></span> 
     </span>
    </p>
   </div>
   <div class='ocr_carea' id='block_1_5' title="bbox 77 3292 509 3308">
    <p class='ocr_par' dir='ltr' id='par_1_7' title="bbox 77 3292 509 3308">
     <span class='ocr_line' id='line_1_22' title="bbox 77 3292 509 3308; baseline 0 1934"><span class='ocrx_word' id='word_1_132' title='bbox 77 3292 509 3308; x_wconf 95' lang='lat' dir='ltr'><strong> </strong></span> 
     </span>
    </p>
   </div>
   <div class='ocr_carea' id='block_1_6' title="bbox 191 3350 1595 3673">
    <p class='ocr_par' dir='ltr' id='par_1_8' title="bbox 191 3350 1595 3673">
     <span class='ocr_line' id='line_1_23' title="bbox 193 3350 1582 3444; baseline -0.002 -15"><span class='ocrx_word' id='word_1_133' title='bbox 193 3373 298 3443; x_wconf 77' lang='lat'><strong>26)</strong></span> <span class='ocrx_word' id='word_1_134' title='bbox 334 3372 539 3427; x_wconf 74' lang='lat' dir='ltr'><strong>invenit</strong></span> <span class='ocrx_word' id='word_1_135' title='bbox 575 3390 854 3436; x_wconf 80' lang='lat' dir='ltr'><strong>numeros,</strong></span> <span class='ocrx_word' id='word_1_136' title='bbox 902 3372 1098 3426; x_wconf 75' lang='lat' dir='ltr'><strong>litteras</strong></span> <span class='ocrx_word' id='word_1_137' title='bbox 1131 3372 1221 3444; x_wconf 84' lang='lat' dir='ltr'><strong>(fr.</strong></span> <span class='ocrx_word' id='word_1_138' title='bbox 1239 3372 1348 3442; x_wconf 82' lang='grc'><strong>2.),</strong></span> <span class='ocrx_word' id='word_1_139' title='bbox 1395 3350 1582 3428; x_wconf 75' lang='lat' dir='ltr'><strong>aleam.</strong></span> 
     </span>
     <span class='ocr_line' id='line_1_24' title="bbox 191 3484 891 3561; baseline -0.006 -17"><span class='ocrx_word' id='word_1_140' title='bbox 191 3489 293 3561; x_wconf 70' lang='lat'><strong>²7)</strong></span> <span class='ocrx_word' id='word_1_141' title='bbox 327 3488 479 3560; x_wconf 73' lang='lat' dir='ltr'><strong>Virg.</strong></span> <span class='ocrx_word' id='word_1_142' title='bbox 514 3488 650 3539; x_wconf 76' lang='lat' dir='ltr'><strong>Aen.</strong></span> <span class='ocrx_word' id='word_1_143' title='bbox 691 3484 768 3550; x_wconf 84' lang='lat' dir='ltr'><strong>ll,</strong></span> <span class='ocrx_word' id='word_1_144' title='bbox 805 3488 891 3540; x_wconf 77' lang='lat'><strong>83.</strong></span> 
     </span>
     <span class='ocr_line' id='line_1_25' title="bbox 191 3598 1595 3673; baseline 0 -15"><span class='ocrx_word' id='word_1_145' title='bbox 191 3603 294 3673; x_wconf 75' lang='lat'><strong>28)</strong></span> <span class='ocrx_word' id='word_1_146' title='bbox 332 3602 416 3658; x_wconf 76' lang='lat' dir='ltr'><strong>Cf.</strong></span> <span class='ocrx_word' id='word_1_147' title='bbox 445 3599 715 3655; x_wconf 71' lang='lat' dir='ltr'><strong>Welcker.</strong></span> <span class='ocrx_word' id='word_1_148' title='bbox 751 3599 944 3672; x_wconf 81' lang='lat' dir='ltr'><strong>Suppl.</strong></span> <span class='ocrx_word' id='word_1_149' title='bbox 979 3598 1120 3653; x_wconf 79' lang='lat' dir='ltr'><strong>Mus.</strong></span> <span class='ocrx_word' id='word_1_150' title='bbox 1157 3601 1325 3655; x_wconf 80' lang='lat' dir='ltr'><strong>Rben.</strong></span> <span class='ocrx_word' id='word_1_151' title='bbox 1357 3602 1432 3669; x_wconf 84' lang='lat' dir='ltr'><strong>ll,</strong></span> <span class='ocrx_word' id='word_1_152' title='bbox 1470 3606 1595 3659; x_wconf 75' lang='lat'><strong>131.</strong></span> 
     </span>
    </p>
   </div>
   <div class='ocr_carea' id='block_1_7' title="bbox 71 3718 2116 4489">
    <p class='ocr_par' dir='ltr' id='par_1_9' title="bbox 71 3718 2116 4489">
     <span class='ocr_line' id='line_1_26' title="bbox 193 3718 2111 3793; baseline -0.003 -15"><span class='ocrx_word' id='word_1_153' title='bbox 193 3724 296 3793; x_wconf 76' lang='lat'><strong>29)</strong></span> <span class='ocrx_word' id='word_1_154' title='bbox 343 3722 559 3776; x_wconf 76' lang='lat' dir='ltr'><strong>Aristot.</strong></span> <span class='ocrx_word' id='word_1_155' title='bbox 601 3722 752 3775; x_wconf 85' lang='lat' dir='ltr'><strong>Poet.</strong></span> <span class='ocrx_word' id='word_1_156' title='bbox 790 3726 890 3787; x_wconf 76' lang='lat'><strong>23,</strong></span> <span class='ocrx_word' id='word_1_157' title='bbox 924 3725 978 3776; x_wconf 74' lang='lat'><strong>⁷.</strong></span> <span class='ocrx_word' id='word_1_158' title='bbox 1029 3724 1081 3773; x_wconf 66' lang='grc' dir='ltr'><strong>ἔκ</strong></span> <span class='ocrx_word' id='word_1_159' title='bbox 1134 3724 1224 3783; x_wconf 66' lang='grc' dir='ltr'><strong>μὴ</strong></span> <span class='ocrx_word' id='word_1_160' title='bbox 1270 3718 1486 3780; x_wconf 77' lang='grc' dir='ltr'><strong>Ἰλιάδος</strong></span> <span class='ocrx_word' id='word_1_161' title='bbox 1540 3727 1629 3774; x_wconf 72' lang='grc' dir='ltr'><strong>καὶ</strong></span> <span class='ocrx_word' id='word_1_162' title='bbox 1676 3720 1975 3782; x_wconf 65' lang='grc' dir='ltr'><strong>Ὀδυσσέως</strong></span> <span class='ocrx_word' id='word_1_163' title='bbox 2018 3729 2111 3784; x_wconf 74' lang='grc' dir='ltr'><strong>μία</strong></span> 
     </span>
     <span class='ocr_line' id='line_1_27' title="bbox 79 3818 2111 3896; baseline -0.003 -19"><span class='ocrx_word' id='word_1_164' title='bbox 79 3826 365 3896; x_wconf 64' lang='grc' dir='ltr'><strong>τραγῳδία</strong></span> <span class='ocrx_word' id='word_1_165' title='bbox 411 3835 633 3875; x_wconf 69' lang='grc' dir='ltr'><strong>ποιεῖται</strong></span> <span class='ocrx_word' id='word_1_166' title='bbox 677 3823 921 3893; x_wconf 71' lang='grc' dir='ltr'><strong>ἕκατὸρας</strong></span> <span class='ocrx_word' id='word_1_167' title='bbox 963 3819 997 3892; x_wconf 79' lang='grc' dir='ltr'><strong><em>ἦ</em></strong></span> <span class='ocrx_word' id='word_1_168' title='bbox 1038 3818 1134 3874; x_wconf 64' lang='grc' dir='ltr'><strong>δύο</strong></span> <span class='ocrx_word' id='word_1_169' title='bbox 1177 3818 1359 3883; x_wconf 64' lang='lat' dir='ltr'><strong>norm·</strong></span> <span class='ocrx_word' id='word_1_170' title='bbox 1413 3827 1465 3875; x_wconf 62' lang='grc' dir='ltr'><strong>ἂι</strong></span> <span class='ocrx_word' id='word_1_171' title='bbox 1510 3825 1568 3874; x_wconf 59' lang='lat' dir='ltr'><strong>d}</strong></span> <span class='ocrx_word' id='word_1_172' title='bbox 1606 3825 1855 3893; x_wconf 65' lang='grc' dir='ltr'><strong>Κυπρίων</strong></span> <span class='ocrx_word' id='word_1_173' title='bbox 1895 3825 2111 3876; x_wconf 77' lang='grc' dir='ltr'><em>πολλαί·</em></span> 
     </span>
     <span class='ocr_line' id='line_1_28' title="bbox 81 3916 2110 3992; baseline -0 -17"><span class='ocrx_word' id='word_1_174' title='bbox 81 3928 174 3975; x_wconf 70' lang='grc' dir='ltr'><strong>καὶ</strong></span> <span class='ocrx_word' id='word_1_175' title='bbox 211 3927 267 3975; x_wconf 69' lang='grc' dir='ltr'><strong>ἔτι</strong></span> <span class='ocrx_word' id='word_1_176' title='bbox 303 3923 401 3990; x_wconf 78' lang='grc' dir='ltr'><strong>τῆς</strong></span> <span class='ocrx_word' id='word_1_177' title='bbox 444 3924 632 3992; x_wconf 71' lang='grc' dir='ltr'><strong><em>μικρᾶς</em></strong></span> <span class='ocrx_word' id='word_1_178' title='bbox 664 3917 891 3981; x_wconf 72' lang='grc' dir='ltr'><strong><em>Ἰλιάδος</em></strong></span> <span class='ocrx_word' id='word_1_179' title='bbox 937 3923 1146 3988; x_wconf 64' lang='grc' dir='ltr'><strong>(πλέον)</strong></span> <span class='ocrx_word' id='word_1_180' title='bbox 1182 3918 1332 3976; x_wconf 70' lang='grc' dir='ltr'><strong><em>οἰιτό.</em></strong></span> <span class='ocrx_word' id='word_1_181' title='bbox 1403 3919 1508 3974; x_wconf 72' lang='grc' dir='ltr'><strong>οἷον</strong></span> <span class='ocrx_word' id='word_1_182' title='bbox 1526 3916 1743 3975; x_wconf 74' lang='grc' dir='ltr'><strong><em>”Οπλω</em></strong></span> <span class='ocrx_word' id='word_1_183' title='bbox 1778 3931 1966 3989; x_wconf 72' lang='grc' dir='ltr'><strong><em>κρίσις,</em></strong></span> <span class='ocrx_word' id='word_1_184' title='bbox 2014 3928 2110 3974; x_wconf 79' lang='grc' dir='ltr'><strong>Φι-</strong></span> 
     </span>
     <span class='ocr_line' id='line_1_29' title="bbox 79 4018 2110 4093; baseline 0 -19"><span class='ocrx_word' id='word_1_185' title='bbox 79 4018 378 4092; x_wconf 68' lang='grc' dir='ltr'><strong><em>λοκτήτης,</em></strong></span> <span class='ocrx_word' id='word_1_186' title='bbox 437 4021 823 4088; x_wconf 70' lang='grc' dir='ltr'><strong><em>Μοπτόλεμος,</em></strong></span> <span class='ocrx_word' id='word_1_187' title='bbox 885 4019 1220 4093; x_wconf 66' lang='grc' dir='ltr'><strong><em>Εὐρύπυλος,</em></strong></span> <span class='ocrx_word' id='word_1_188' title='bbox 1281 4024 1555 4090; x_wconf 57' lang='lat' dir='ltr'><strong>Ilm-lm,</strong></span> <span class='ocrx_word' id='word_1_189' title='bbox 1613 4021 1900 4087; x_wconf 72' lang='grc' dir='ltr'><strong><em>Λάκαιναι,</em></strong></span> <span class='ocrx_word' id='word_1_190' title='bbox 1964 4022 2110 4075; x_wconf 76' lang='grc' dir='ltr'><strong><em>Ἰλίου</em></strong></span> 
     </span>
     <span class='ocr_line' id='line_1_30' title="bbox 77 4116 2109 4193; baseline -0 -20"><span class='ocrx_word' id='word_1_191' title='bbox 77 4124 270 4193; x_wconf 58' lang='lat' dir='ltr'><strong>alevas·</strong></span> <span class='ocrx_word' id='word_1_192' title='bbox 316 4125 405 4172; x_wconf 72' lang='grc' dir='ltr'><strong>καὶ</strong></span> <span class='ocrx_word' id='word_1_193' title='bbox 441 4116 733 4179; x_wconf 73' lang='grc' dir='ltr'><strong>Ἀπὸπλους</strong></span> <span class='ocrx_word' id='word_1_194' title='bbox 774 4124 894 4186; x_wconf 69' lang='grc' dir='ltr'><strong>(καὶ</strong></span> <span class='ocrx_word' id='word_1_195' title='bbox 925 4125 1092 4173; x_wconf 65' lang='grc' dir='ltr'><strong><em>Σίνων</em></strong></span> <span class='ocrx_word' id='word_1_196' title='bbox 1136 4125 1225 4174; x_wconf 75' lang='grc' dir='ltr'><strong>καὶ</strong></span> <span class='ocrx_word' id='word_1_197' title='bbox 1262 4120 1546 4193; x_wconf 68' lang='grc' dir='ltr'><strong>Τρῳάδες).</strong></span> <span class='ocrx_word' id='word_1_198' title='bbox 1615 4123 1835 4176; x_wconf 68' lang='lat' dir='ltr'><strong>Pan-vam</strong></span> <span class='ocrx_word' id='word_1_199' title='bbox 1877 4119 2109 4186; x_wconf 80' lang='lat' dir='ltr'><strong>Iliadem,</strong></span> 
     </span>
     <span class='ocr_line' id='line_1_31' title="bbox 78 4218 2114 4297; baseline -0 -21"><span class='ocrx_word' id='word_1_200' title='bbox 78 4242 228 4296; x_wconf 73' lang='lat' dir='ltr'><strong>quae</strong></span> <span class='ocrx_word' id='word_1_201' title='bbox 277 4222 437 4293; x_wconf 72' lang='lat' dir='ltr'><strong>vulgo</strong></span> <span class='ocrx_word' id='word_1_202' title='bbox 473 4220 702 4275; x_wconf 69' lang='lat' dir='ltr'><strong>Lescbae</strong></span> <span class='ocrx_word' id='word_1_203' title='bbox 747 4223 1023 4290; x_wconf 81' lang='lat' dir='ltr'><strong>tribuitur,</strong></span> <span class='ocrx_word' id='word_1_204' title='bbox 1074 4236 1298 4279; x_wconf 77' lang='lat' dir='ltr'><strong>extrema</strong></span> <span class='ocrx_word' id='word_1_205' title='bbox 1337 4235 1484 4297; x_wconf 83' lang='lat' dir='ltr'><strong>parte</strong></span> <span class='ocrx_word' id='word_1_206' title='bbox 1525 4218 1603 4278; x_wconf 78' lang='lat' dir='ltr'><strong>liii</strong></span> <span class='ocrx_word' id='word_1_207' title='bbox 1646 4224 1900 4277; x_wconf 77' lang='lat' dir='ltr'><strong>excidium</strong></span> <span class='ocrx_word' id='word_1_208' title='bbox 1942 4223 2114 4276; x_wconf 89' lang='lat' dir='ltr'><strong>conti·</strong></span> 
     </span>
     <span class='ocr_line' id='line_1_32' title="bbox 75 4320 2112 4394; baseline -0.003 -18"><span class='ocrx_word' id='word_1_209' title='bbox 75 4323 267 4376; x_wconf 61' lang='lat' dir='ltr'><strong>auiae</strong></span> <span class='ocrx_word' id='word_1_210' title='bbox 322 4320 573 4376; x_wconf 67' lang='lat' dir='ltr'><strong>videmus.</strong></span> <span class='ocrx_word' id='word_1_211' title='bbox 681 4320 787 4375; x_wconf 85' lang='lat' dir='ltr'><strong>Sed</strong></span> <span class='ocrx_word' id='word_1_212' title='bbox 838 4340 1003 4394; x_wconf 84' lang='lat' dir='ltr'><strong>quum</strong></span> <span class='ocrx_word' id='word_1_213' title='bbox 1063 4322 1203 4376; x_wconf 81' lang='lat' dir='ltr'><strong>idem</strong></span> <span class='ocrx_word' id='word_1_214' title='bbox 1261 4323 1410 4377; x_wconf 85' lang='lat' dir='ltr'><strong>multi</strong></span> <span class='ocrx_word' id='word_1_215' title='bbox 1457 4322 1545 4376; x_wconf 81' lang='lat' dir='ltr'><strong>alii</strong></span> <span class='ocrx_word' id='word_1_216' title='bbox 1605 4332 1816 4394; x_wconf 81' lang='lat' dir='ltr'><strong>poetae,</strong></span> <span class='ocrx_word' id='word_1_217' title='bbox 1884 4338 2112 4391; x_wconf 85' lang='lat' dir='ltr'><strong>quorum</strong></span> 
     </span>
     <span class='ocr_line' id='line_1_33' title="bbox 71 4419 2116 4489; baseline -0.004 -11"><span class='ocrx_word' id='word_1_218' title='bbox 71 4424 346 4478; x_wconf 75' lang='lat' dir='ltr'><strong>Arctinus</strong></span> <span class='ocrx_word' id='word_1_219' title='bbox 391 4433 443 4477; x_wconf 89' lang='lat' dir='ltr'><strong>et</strong></span> <span class='ocrx_word' id='word_1_220' title='bbox 478 4421 806 4476; x_wconf 74' lang='lat' dir='ltr'><strong>Stesichorus</strong></span> <span class='ocrx_word' id='word_1_221' title='bbox 852 4422 1182 4478; x_wconf 81' lang='lat' dir='ltr'><strong>celeberrimi</strong></span> <span class='ocrx_word' id='word_1_222' title='bbox 1230 4425 1472 4489; x_wconf 78' lang='lat' dir='ltr'><strong>suerunt,</strong></span> <span class='ocrx_word' id='word_1_223' title='bbox 1520 4422 1842 4477; x_wconf 74' lang='lat' dir='ltr'><strong>carminibus</strong></span> <span class='ocrx_word' id='word_1_224' title='bbox 1889 4419 2116 4471; x_wconf 69' lang='lat' dir='ltr'><strong>illustra·</strong></span> 
     </span>
    </p>
   </div>
   <div class='ocr_carea' id='block_1_8' title="bbox 1564 4526 1601 4580">
    <p class='ocr_par' dir='ltr' id='par_1_10' title="bbox 1564 4526 1601 4580">
     <span class='ocr_line' id='line_1_34' title="bbox 1564 4526 1601 4580; baseline 0 0"><span class='ocrx_word' id='word_1_225' title='bbox 1564 4526 1601 4580; x_wconf 75' lang='lat'>2</span> 
     </span>
    </p>
   </div>
  </div>
 </body>
</html>
