3080 5242
1837 609 2256 673 ..13-

1036 817 1222 881 modo
1264 831 1511 900 poetae,
1563 818 1667 879 sed
1704 819 1887 879 etiam
1922 817 2188 897 pictores
2223 824 2873 892 repraesentaverant,
2921 835 2975 875 w.
3004 836 3054 891 g.

1039 934 1445 1014 Polygnotus,
1518 931 1628 1012 qui
1686 932 1747 991 in
1808 931 2038 991 Lesclna
2093 927 2393 1007 Delphica
2450 925 2547 986 llii
2611 924 2917 987 excidium
2973 928 3056 987 ita

1038 1045 1274 1124 pinxit,
1332 1056 1401 1103 ut
1448 1043 1613 1103 inter
1655 1043 1854 1105 varias
1900 1042 2274 1103 Aeluivarnm
2317 1049 2591 1101 catervas
2637 1040 2817 1099 etiam
2865 1041 3055 1101 Troa-

1036 1157 1143 1218 des
1187 1155 1455 1237 captivas
1506 1167 1736 1217 sortem
1787 1154 1957 1216 'suam
2000 1156 2280 1233 lugentes
2325 1153 2649 1215 collocaret
2673 1150 2783 1236 ³⁰).
2869 1155 3055 1215 Athe-

1039 1271 1278 1331 nienses
1331 1281 1534 1330 autem
1590 1268 1846 1330 eandem
1891 1288 2023 1327 rem
2076 1254 2139 1326 in
2194 1265 2475 1346 porticu,
2541 1286 2725 1346 quam
2774 1266 3049 1326 Poecilen

1037 1385 1370 1457 vocabant,
1456 1381 1737 1462 quotidie
1798 1380 2255 1460 conspiciebant
2315 1377 2501 1438 simili
2561 1375 2745 1438 modo
2811 1378 3049 1457 pictam,

1035 1496 1201 1578 quod
1249 1493 1500 1577 quidem
1554 1493 1953 1571 intelligimus
2003 1513 2082 1552 ex
2123 1494 2302 1552 Paus'.
2334 1495 2399 1566 1,
2433 1493 2543 1569 15,
2569 1493 2629 1551 3.
2722 1492 2924 1569 Magis
2966 1504 3046 1552 ta-

1035 1632 1175 1672 men
1220 1609 1550 1688 Euripides
1596 1611 1676 1669 ob
1718 1609 1928 1670 oculos
1971 1608 2184 1668 habuit
2231 1606 2524 1685 tragicos,
2578 1606 2689 1688 qui
2730 1618 2873 1667 ante
2919 1629 3043 1668 eum

1034 1724 1098 1783 in
1129 1725 1246 1784 hoc
1276 1699 1640 1799 argumento
1671 1721 2157 1797 elaboraverant,
2181 1719 2549 1800 Aeschylum
2583 1730 2644 1779 et
2671 1718 3043 1799 Sophoclem,

1034 1855 1159 1897 non
1204 1854 1328 1916 quo
1381 1853 1486 1895 eos
1534 1832 1919 1908 imitaretur,
1978 1830 2084 1892 sed
2129 1830 2298 1912 quod
2346 1845 2772 1910 argumentum
2820 1834 3043 1894 variare

1033 1949 1339 2013 studebat.
1436 1948 1772 2009 Enimvero
1826 1945 1902 2006 de
1945 1946 2283 2025 Aescl1y10,
2349 1950 2516 2022 cujus
2559 1941 2765 2010 Ἰλιαι
2818 1946 2883 2005 in
2937 1948 3045 2007 lex.

1034 2065 1349 2144 Sangerm.
1376 2074 1802 2124 memorantur
1842 2082 1943 2140 ap.
1978 2060 2181 2120 Bekk.
2209 2059 2440 2120 Anecd.
2486 2058 2594 2119 Gr.
2623 2062 2677 2135 1,
2700 2061 2853 2134 346,
2903 2062 3044 2120 nihil

1034 2178 1184 2240 certi
1238 2178 1372 2239 erui
1421 2188 1661 2258 potest3
1724 2172 1973 2236 videtur
2021 2184 2227 2232 tamen
2281 2173 2388 2232 illa
2439 2172 2786 2250 tragoedia,
2845 2187 2918 2234 ut
2967 2174 3045 2234 cl.

1031 2263 1408 2352 VVelckerus
1460 2288 1678 2350 statuit
1722 2286 2034 2367 probabili
2081 2291 2463 2363 conjectura,
2525 2307 2670 2366 pars
2716 2287 2906 2348 fuisse
2949 2289 3043 2348 ali-

1033 2411 1201 2483 cujus
1240 2403 1539 2482 trilogiae.
1628 2398 1965 2480 Sophocles
1996 2412 2198 2460 autem
2231 2399 2299 2459 in
2323 2399 2849 2486 Αἰχμαλωτίσιν,
2901 2423 3043 2485 qnae

1033 2515 1345 2593 tragoedia
1378 2515 1454 2575 ad
1485 2515 1582 2573 llii
1614 2513 1921 2574 excidium
1951 2515 2282 2592 spectabat,
2315 2511 2647 2593 praecipue
2669 2515 3044 2595 Astyanactis

1032 2629 1564 2707 investigationem
1608 2639 1670 2686 et
1712 2647 1923 2686 necem
1961 2624 2317 2705 descripsit,
2363 2639 2430 2687 ut
2474 2627 2823 2705 tragoediae
2869 2631 3040 2692 cardo

1008 2755 1186 2808 ,esset
1209 2739 1318 2826 5¹).
1358 2738 1689 2822 Euripides
1721 2752 1934 2800 contra
1969 2739 2032 2799 in
2060 2760 2168 2799 sua
2200 2739 2514 2818 tragoedia
2546 2743 2754 2821 plures
2782 2743 3043 2806 actiones

1032 2857 1404 2934 conjunxit„
1432 2875 1695 2937 quarum
1740 2874 1897 2934 quae
1942 2852 2021 2913 sit
2064 2851 2392 2933 primaria,
2442 2851 2690 2915 difficile
2735 2869 2829 2924 est
2872 2858 3046 2920 intel-

1028 2972 1189 3030 lectu
1236 2981 1296 3029 et
1341 2968 1610 3060 perspici
1653 2968 1762 3031 vix
1808 2966 2076 3048 poterit,
2140 2966 2261 3028 nisi
2301 2978 2495 3028 totam
2541 2987 2750 3029 rerum
2805 2988 3046 3051 compo-

1032 3245 1247 3310 vissent,
1284 3243 1562 3314 Euripides
1598 3242 1691 3295 hos
1729 3261 1943 3314 quoque
1983 3242 2230 3314 respexit,
2277 3242 2518 3314 inprimis
2553 3244 2866 3310 Arcfinum,
2906 3266 3049 3318 egre-

1030 3347 1175 3418 gium
1213 3355 1421 3417 poetam
1453 3356 1503 3397 et
1533 3344 1671 3396 inter
1699 3343 1957 3414 Cyclicos,
1996 3345 2086 3414 qui
2112 3356 2381 3409 vocantur,
2418 3344 2768 3398 excellentem.
2843 3344 3050 3413 Quam·

1031 3466 1189 3518 quam
1218 3445 1336 3524 illos
1363 3463 1547 3497 omnes
1573 3442 1709 3494 baud
1734 3439 1992 3512 ignobiles
2017 3441 2172 3494 fuisse
2209 3441 2569 3513 intelligimus,
2604 3443 2645 3495 si
2679 3443 2899 3515 quidem
2931 3465 3052 3516 prae

1027 3546 1275 3613 Homero,
1288 3545 1395 3600 sole
1415 3544 1688 3617 epicorum
1707 3554 1999 3614 poetarum,
2017 3563 2122 3595 non
2142 3562 2356 3595 omnem
2375 3542 2709 3614 splendorem
2726 3543 3054 3598 amittebant.

998 3709 1003 3716 ι
1032 3644 1305 3697 Arctinum
1340 3644 1619 3715 Euripides
1654 3643 1922 3715 expressit,
1965 3643 2056 3695 ubi
2093 3642 2367 3694 Priamum
2403 3641 2466 3694 ad
2506 3662 2650 3695 aram
2680 3642 2828 3696 Jovis
2861 3642 3055 3699 Hercei

1029 3740 1258 3793 occisum
1296 3742 1480 3804 tradit,
1515 3741 1709 3795 Troad.
1741 3760 1786 3792 v·
1806 3744 1873 3795 16
1902 3752 1953 3794 et
1978 3743 2112 3806 483,
2151 3742 2298 3808 cujus
2333 3740 2551 3794 rationis
2581 3739 2839 3811 Excerpta
2871 3742 3056 3797 Procli

1027 3839 1304 3892 Arctinum
1352 3840 1531 3894 ferunt
1573 3852 1861 3893 aucto-em.
1932 3836 2151 3891 Lesches
2201 3850 2384 3891 contra
2435 3838 2586 3892 aliter
2625 3838 2873 3906 tradidit,
2933 3851 3057 3895 teste

1025 3936 1282 3991 Pausania
1321 3939 1404 4002 10,
1429 3942 1513 3991 27.
1586 3940 1827 4008 Πρίαμον
1870 3939 1927 3989 δὲ
1976 3933 2064 3988 οὐκ
2113 3932 2396 3988 α’ποθανεῖν
2442 3938 2536 4006 ibt]
2569 3939 2803 4003 Λέσχεως
2854 3941 2950 3989 ἐπὶ
2989 3941 3054 4009 τῇ

1026 4033 1218 4105 ἐσχάρᾳ
1265 4038 1360 4087 τοῦ
1392 4032 1611 4105 Ἑρκείου
1658 4033 1791 4088 emo?
1838 4033 2243 4088 ἀποσπασθέντα
2289 4033 2393 4089 nimi
2435 4041 2530 4089 τοῦ
2567 4041 2746 4103 βωμοῦ
2791 4034 3059 4112 πάρεργον

1028 4141 1104 4207 τῷ
1139 4138 1476 4204 Νεοπτολέμῳ
1512 4135 1640 4205 πρὸς
1675 4150 1791 4195 ταῖς
1827 4139 1919 4207 τῆς
1964 4142 2125 4196 οἰκίας
2160 4143 2400 4204 γενέσθαι
2435 4136 2642 4211 θύραις.

1129 4250 1224 4317 30)
1258 4248 1410 4301 Paus.
1446 4236 1673 4314 10,'25,
1712 4255 1760 4301 2.

1092 4364 1222 4450 ,3¹)
1257 4361 1341 4417 Cf.
1379 4363 1645 4418 Welclter.
1683 4366 1872 4437 Suppl.
1908 4366 2046 4421 Mus.
2079 4369 2176 4423 Rb.
2211 4376 2269 4432 2.
2300 4375 2419 4425 171.
