3080 5242
1201 535 1620 602 „31-

386 730 504 793 sed
557 753 745 814 quum
791 730 1215 794 Alexandrum
1261 732 1639 812 scripsisset,
1696 734 1927 795 semina
1977 733 2125 794 belli
2169 735 2423 812 Troiani

385 835 853 922 continentem,
930 847 996 906 iu
1057 857 1326 907 mentem
1388 846 1446 907 ei
1505 847 1710 923 venit,
1785 847 1973 908 finem
2033 848 2213 926 hujus
2275 851 2423 911 belli

385 958 748 1040 tragoediae
791 959 1175 1041 aptissimum
1222 960 1522 1041 peculiari
1568 960 1777 1021 fabula
1818 961 2151 1022 illustrare.
2247 963 2423 1032 Pala-

295 1065 300 1070 ’
381 1076 634 1138 medem
672 1088 877 1137 autem
913 1087 1174 1156 propter
1209 1088 1560 1157 temporum
1596 1074 1873 1137 ordinem
1910 1077 2074 1138 inter
2102 1097 2201 1138 eas
2230 1077 2422 1138 inter-

381 1181 623 1268 posuit.
741 1188 865 1264 Qui
926 1189 979 1251 si
1039 1189 1348 1267 trilogiam
1408 1209 1777 1270 componere
1835 1191 2165 1268 voluisset,
2237 1192 2422 1252 aliter

381 1324 521 1364 rem
572 1304 960 1366 instituisset.
1055 1303 1303 1364 Etenim
1353 1303 1407 1365 si
1458 1317 1804 1384 spectamus
1843 1301 2152 1381 Troades,
2216 1316 2422 1364 extre-

378 1436 551 1476 mam
615 1415 980 1478 didascaliae
1045 1413 1457 1493 tragoediam,
1520 1427 1584 1476 et
1643 1413 2101 1492 Alexandrum,
2169 1415 2418 1476 initium

379 1533 550 1607 ejus,
612 1549 849 1590 summa
892 1528 1178 1607 trilogiae
1220 1529 1389 1588 nulla
1433 1528 1556 1598 alia
1604 1548 1733 1589 esse
1786 1530 2027 1609 potuit,
2086 1550 2272 1611 quam
2314 1541 2421 1591 aut

379 1645 584 1704 satum
611 1633 836 1718 Troiae
880 1643 1051 1704 urbis
1088 1654 1197 1703 aut
1238 1643 1492 1702 fortuna
1524 1642 1997 1706 Priamidarum.
2081 1642 2197 1704 Cui
2233 1644 2420 1705 etiam

377 1758 588 1820 media
648 1756 855 1817 {abula
912 1755 1244 1818 convenire
1299 1754 1581 1817 debebat.
1685 1758 1771 1817 At
1821 1756 2149 1838 Euripides
2208 1756 2416 1821 medio

376 1875 523 1934 loco
574 1871 960 1933 Palamedem
1015 1872 1261 1953 posuit,
1330 1892 1523 1954 quum
1577 1893 1745 1949 rem,
1816 1894 1974 1954 quae
2024 1874 2231 1954 magni
2286 1894 2420 1935 mo·

376 1986 579 2048 menti
640 1984 718 2048 ad
782 1985 1119 2067 perniciem
1179 1986 1400 2062 Trojae
1462 1997 1658 2062 esset,
1738 1986 2088 2067 exprimere
2145 1987 2418 2065 deberet,

376 2103 555 2164 velut
617 2121 824 2161 necem
882 2100 1189 2162 Hectoris.
1320 2097 1486 2174 Quin
1549 2100 1736 2162 etiam
1797 2102 2081 2182 quamvis
2145 2124 2415 2183 pugnam

377 2216 635 2294 Trojani
711 2217 861 2284 belli
934 2212 1285 2294 tragoediae
1353 2227 1784 2293 argumentum
1860 2217 2061 2278 facere
2133 2231 2411 2298 poterat,

379 2353 510 2416 quo
569 2332 787 2392 saltem
854 2328 1006 2389 belli
1075 2326 1400 2405 imaginem
1460 2326 1639 2387 nobis
1708 2328 1789 2388 ob
1847 2330 2057 2389 oculos
2129 2344 2413 2409 poneret.

378 2442 738 2507 Palamedes
783 2453 989 2503 autem
1031 2440 1208 2500 nullo
1249 2436 1436 2525 modo
1479 2438 1547 2498 in
1591 2438 1945 2518 trilogicum
1988 2460 2220 2501 nexum
2261 2463 2415 2524 qua-

373 2557 549 2634 drat,
631 2555 753 2616 nisi
816 2554 978 2615 forte
1044 2554 1160 2614 hac
1231 2551 1473 2612 ratione
1548 2550 1862 2631 trilogiam
1926 2551 2199 2628 efficere,
2230 2556 2408 2617 velis.

373 2672 610 2734 Contra
651 2672 967 2732 oraculum
1010 2680 1297 2731 servatur
1345 2665 1735 2746 Alexander,
1789 2666 1894 2730 fax
1933 2669 2186 2747 Troiani
2227 2672 2411 2749 belli;

374 2786 598 2848 deinde
644 2785 900 2860 Achivi,
961 2785 1146 2846 Ilium
1193 2782 1578 2860 obsidentes,
1637 2803 1829 2865 quum
1880 2785 1949 2843 in
1998 2802 2074 2844 eo
2125 2783 2283 2860 sint,
2337 2795 2410 2844 ut

370 2901 685 2965 Palamedi
731 2900 999 2962 reditum
1044 2898 1360 2977 suadenti,
1412 2902 1874 2979 obtemperent,
1916 2898 2131 2962 Ulixis
2172 2898 2409 2978 fraude,

374 3040 497 3101 qua
552 3015 941 3078 Palamedem
996 3028 1042 3075 e‘
1084 3013 1290 3075 medio
1351 3014 1553 3092 tollit,
1627 3013 2014 3093 retinentur3
2091 3026 2407 3095 postremo

372 3133 552 3193 Ilium
608 3144 749 3212 post
799 3129 1005 3191 decem
1061 3149 1364 3190 annorum
1412 3127 1794 3191 obsidionem
1840 3142 2087 3209 captum
2134 3128 2409 3191 incendi-

375 3261 497 3309 tur.
598 3248 681 3307 At
733 3248 885 3307 lnaec
939 3265 1191 3328 quoque
1245 3246 1403 3307 ratio
1455 3247 1716 3308 laborat.
1819 3245 1979 3306 Nam
2035 3246 2179 3306 licet
2229 3245 2406 3304 Pala-

376 3356 616 3420 medem
664 3356 740 3418 ad
785 3357 1097 3418 fortunam
1138 3358 1358 3433 Troiae
1399 3359 1659 3436 reierat,
1713 3370 1917 3419 tamen
1960 3377 2086 3418 non
2128 3356 2407 3436 impedit,

378 3476 526 3558 quin
570 3474 741 3535 illam
787 3470 1167 3551 tragoediam
1210 3473 1494 3551 trilogico
1537 3473 1730 3535 nexui
1773 3470 2071 3549 refragari
2115 3468 2404 3548 dicamus,

379 3588 608 3670 quippe
670 3606 829 3668 quae
893 3596 1308 3665 spectatorum
1369 3585 1607 3646 animos
1663 3606 1701 3644 a
1756 3585 1940 3645 rebus
1996 3585 2406 3661 Troianorum

378 3703 438 3763 h.
461 3721 512 3762 e.
551 3722 588 3761 a
624 3720 857 3762 summa
901 3698 1186 3777 trilogiae
1215 3697 1412 3760 nimis
1448 3696 1754 3758 distrabat
1786 3708 1847 3758 et
1876 3710 2134 3760 avertat.
2221 3697 2404 3783 Certe

380 3812 640 3875 Troibus
690 3814 742 3875 si
795 3834 918 3874 non
973 3832 1219 3889 omnes,
1285 3824 1491 3872 tamen
1543 3808 1837 3892 quasdam
1890 3811 2145 3873 actionis
2197 3822 2404 3891 partes

385 3950 506 3991 esse
544 3931 892 4009 oportebat.
976 3926 1148 4003 Quae
1178 3948 1369 4011 quum
1404 3927 1492 3988 ita
1528 3926 1682 4003 sint,
1725 3926 2030 3988 neminem
2062 3927 2196 3988 iore
2229 3935 2403 4005 puto,

385 4043 486 4126 qui
520 4043 942 4122 tetralogicum
977 4064 1204 4104 nexum
1237 4043 1456 4103 harum
1493 4040 1841 4102 fabularum
1874 4040 2133 4101 evincat.
2220 4035 2402 4110 Quod

386 4156 433 4216 si
472 4155 611 4237 quis
651 4176 730 4215 ne
772 4155 1144 4216 Schoellium
1187 4155 1437 4237 quidem
1490 4154 1788 4231 ejusmodi
1839 4174 2067 4214 nexum
2118 4151 2400 4212 statuisse

387 4281 586 4350 putet,
645 4269 697 4329 is
752 4270 913 4347 legat
966 4270 1082 4330 hos
1137 4270 1301 4331 locos
1356 4291 1418 4348 p.
1446 4271 1588 4329 122.
1674 4270 1799 4330 Dos
1844 4270 2119 4342 Bishere‘ge
2158 4268 2399 4327 erluini-tet
