3080 5242
1053 573 1474 637 ..13-

563 740 815 820 Oi'pooael
861 740 1219 823 θανοῦμαι
1266 733 1373 804 διά
1406 733 1483 805 ‘to
1505 733 1831 827 χρήσιμον
1876 739 2128 823 φρενῶν

555 848 592 916 ὃ
634 864 847 916 τοῖσιν
893 846 1121 924 ἄλλοις
1157 850 1460 936 γίγνεται
1501 852 1804 937 σωτηρία.
1846 849 1955 936 (fr.
2000 849 2086 936 5.)

420 972 580 1033 Tum
623 989 773 1031 vero
815 967 1121 1049 peripetia
1171 967 1462 1031 dramatis
1513 969 1707 1033 adest.
1786 971 2081 1033 Patefacit
2124 971 2270 1033 Cas-

252 1084 480 1147 sandra
524 1105 711 1162 genus
754 1081 1027 1161 Paridis,
1072 1083 1238 1165 quod
1282 1096 1344 1145 et
1387 1083 1738 1164 crepundiis
1781 1089 1908 1161 ejus
1946 1096 2009 1145 et
2038 1086 2269 1145 Arche-

253 1200 340 1259 lai
401 1198 668 1259 ministri
731 1197 1083 1258 testimonio
1138 1196 1555 1258 confirmatur.
1663 1196 1765 1259 Sic
1826 1198 2103 1276 periculo
2158 1197 2268 1258 ille

253 1315 593 1392 liberatur,
637 1313 772 1390 sed,
816 1335 893 1374 ne
936 1314 1104 1393 regia
1145 1314 1509 1394 recipiatur,
1551 1315 1748 1375 multa
1799 1325 1862 1374 et
1924 1312 2059 1373 dira
2114 1313 2272 1374 vati-

253 1430 418 1491 cinia
461 1431 687 1492 effatur
748 1429 1104 1499 Cassandra.
1189 1430 1465 1491 Frustra.
1565 1431 1788 1511 Neque
1851 1428 2016 1488 enim
2079 1429 2270 1489 Troes

257 1556 519 1623 propter
556 1544 710 1604 iram
753 1544 1060 1625 Apollinis
1104 1542 1447 1625 quidquam
1482 1542 1542 1603 ei
1584 1540 1861 1621 credunt,
1903 1555 1965 1603 et
1994 1542 2269 1604 Priamus

256 1654 683 1718 Alexandrum
722 1656 890 1735 regia
939 1656 1184 1736 recipit.

563 1768 828 1860 Χρόνος
870 1773 938 1841 δὲ
981 1775 1170 1853 δείξει
1214 1765 1288 1850 α’,
1314 1761 1362 1859 ᾦ
1393 1774 1722 1860 τεκμηρίῳ
1763 1768 2017 1859 μαθών

559 1883 602 1973 ἢ
624 1884 902 1976 χρηστὸν
930 1874 1096 1954 ὄντα
1127 1883 1472 1973 γνώσομαί
1507 1887 1579 1952 σε’
1602 1879 1659 1973 γ’
1692 1881 1735 1972 ἢ
1761 1883 1986 1954 κακόν.
2022 1884 2271 1973 (ints.)

257 2009 545 2090 Denique
609 2007 747 2066 festi
812 2020 1171 2087 apparatus,
1231 2009 1454 2090 quibus
1520 2009 1799 2070 Priamus
1856 2009 1972 2070 filii
2036 2008 2272 2089 recepti

256 2122 579 2183 victoriam
637 2120 944 2181 celebrare
977 2107 1305 2201 instituit,
1356 2123 1547 2184 finem
1614 2123 1848 2184 faciunt
1902 2121 2273 2200 tragoediae.

435 2233 559 2296 Sed
594 2235 782 2294 alium
815 2233 998 2294 finem
1039 2233 1390 2311 tragoediae
1422 2234 1767 2294 Schoellius
1796 2235 1993 2312 ponit.
2051 2235 2273 2296 Statim

255 2358 402 2427 post
445 2345 852 2424 agnitionem,
895 2347 1014 2421 ait,
1059 2344 1298 2405 Pa'ridis
1340 2343 1668 2421 judicium,
1712 2344 1878 2427 quod
1925 2345 2001 2406 de
2047 2344 2274 2407 deabus

253 2457 553 2534 judicavit
619 2469 681 2518 et
738 2459 1058 2520 consilium
1117 2455 1545 2537 surripiendae
1603 2458 1875 2518 Helenae
1933 2480 1970 2519 a
2026 2462 2274 2521 Venere

254 2570 719 2654 suppeditatum
781 2571 1110 2634 innotescit
1163 2571 1291 2633 sive
1342 2568 1536 2651 ipsius
1582 2570 1819 2634 Paridis
1858 2573 2099 2650 verbis,
2143 2574 2274 2637 sive

252 2707 368 2767 per
413 2685 834 2746 Cassandram.
940 2686 997 2746 A
1059 2703 1186 2767 quo
1245 2685 1502 2746 consilio
1568 2698 1638 2746 ut
1702 2684 1988 2764 desistat,
2048 2688 2274 2749 acriter

253 2800 530 2880 postulat
586 2798 956 2874 Cassandra,
1015 2810 1105 2875 et,
1163 2819 1355 2880 quum
1422 2799 1529 2858 ille
1588 2812 1861 2875 recuset,
1917 2800 2275 2875 gravissima

253 2913 547 2973 vaticinia
591 2912 830 2973 effatur.
915 2914 999 2971 At
1042 2932 1235 2993 quum
1278 2930 1460 2971 nemo
1513 2909 1697 2971 fidem
1757 2910 1813 2970 ei
1862 2911 2113 2988 habeat,
2158 2912 2276 2973 Pa-

253 3026 341 3087 ris
386 3027 452 3086 in
496 3026 748 3087 consilio
793 3045 904 3086 suo
958 3035 1231 3105 perstat,
1275 3006 1522 3084 Priamo
1566 3035 1628 3084 et
1688 3023 1944 3106 reliquis
2010 3026 2273 3087 Troibus

255 3159 392 3199 rem
433 3151 662 3199 temere
705 3138 1131 3220 probantibus.
1215 3138 1382 3199 Haec
1425 3137 1555 3197 fere
1599 3135 1892 3198 Schoellii
1949 3139 2272 3217 sententia,

255 3251 332 3313 ad
378 3273 565 3334 quam
611 3251 990 3333 probandam
1029 3250 1240 3312 laudat
1298 3263 1361 3311 et
1416 3263 1847 3329 argumentum
1897 3249 2272 3333 Cypriorum

258 3379 317 3427 et
365 3367 483 3426 hoc
526 3364 875 3444 tragoediae
925 3364 1361 3442 fragmentum:

565 3483 633 3542 ἐκ
673 3471 801 3561 γάρ
844 3469 1095 3557 ὁμοίων
1136 3480 1199 3540 οἷ
1240 3476 1429 3542 κακοὶ
1481 3467 1771 3560 γαμοῦσ’
1818 3465 1943 3539 oisl-
1994 3471 2098 3556 (sr.
2147 3474 2274 3560 12.)

259 3594 344 3653 At
392 3611 604 3652 sensus
646 3590 826 3665 hujus
884 3588 1213 3667 fragmenti
1269 3588 1401 3647 sine
1466 3600 1761 3648 contextu
1814 3586 2273 3666 incertissimus,

258 3722 462 3784 neque
506 3700 844 3784 quidquam
885 3702 1078 3779 inest,
1122 3699 1291 3783 quod
1315 3698 1554 3761 Paridis
1593 3700 1784 3761 verba
1810 3719 1937 3761 esse
1968 3700 2271 3765 ostendat.

257 3819 591 3878 Possumus
653 3815 839 3876 etiam
897 3816 1231 3897 Deiphobo
1288 3811 1596 3887 tribuere,
1653 3832 1840 3894 quem
1895 3815 2270 3877 Welckerus

256 3935 354 3995 liis
398 3932 605 3995 verbis
647 3932 715 3992 in
756 3923 1010 3997 δούλων
1048 3927 1249 4012 γένος
1303 3911 1516 3989 invehi
1559 3941 1784 3992 censet.
1864 3929 1996 3992 Nec
2037 3931 2272 4014 Cypria

256 4045 570 4109 Schoellio
612 4044 802 4123 magis
843 4044 1070 4105 favent.
1157 4040 1209 4101 E
1251 4041 1476 4123 quibus
1529 4043 1784 4105 Procius
1850 4045 1998 4105 haec
2041 4046 2271 4107 refert:

245 4155 449 4243 Ἐρις
485 4170 699 4231 νεῖκος
740 4155 889 4239 περὶ
927 4145 1210 4228 κάλλους
1242 4153 1575 4239 ἐνίστησιν
1612 4146 1909 4240 Ἀθηνᾷ,
1940 4152 2130 4242 ”Hpq
2158 4157 2267 4222 καὶ

254 4264 627 4357 Ἀφροδίτῃ
649 4286 666 4304 ·
731 4272 802 4334 αἱ
864 4263 1031 4353 πρός
1066 4262 1508 4350 Ἀλέξανδρον
1562 4271 1637 4335 ἐν
1679 4264 1864 4351 Ἴδῃ,
1906 4263 2071 4332 κατά
2116 4265 2272 4341 Διὸς
