3080 5242
243 870 429 909 suum
464 852 706 929 priorem
747 848 904 904 mittit
918 883 936 918 ,
979 845 1077 919 qui
1112 862 1236 900 eum
1277 861 1384 899 non
1423 842 1581 917 longe
1620 860 1660 900 a
1700 843 1896 915 castris
1934 839 2277 921 interficeret.

251 964 504 1022 Postero
546 960 636 1019 die
694 979 862 1038 quum
904 959 1177 1015 exercitus
1216 958 1271 1013 in
1312 965 1506 1014 castra
1552 954 1756 1014 rediret
1769 995 1788 1030 ,
1848 954 2078 1035 quidam
2133 956 2283 1014 miles

250 1072 555 1158 epistolam
575 1112 592 1144 ,
640 1088 810 1151 quam
877 1066 1089 1146 LUysses
1141 1066 1466 1144 scripserat,
1528 1085 1703 1144 super.
1750 1064 1997 1123 cadaver
2047 1067 2284 1146 Phrygis

247 1190 506 1266 positum
548 1183 631 1241 ad
670 1181 1135 1256 Agamemnonem
1176 1177 1393 1237 attulit.-
1432 1179 1488 1234 in
1530 1167 1657 1257 qua⁴
1675 1150 1939 1257 scriptum
1963 1176 2115 1256 suit.-
2159 1179 2284 1238 Pa-

255 1298 488 1357 lamedi
525 1316 564 1355 a
585 1296 818 1356 Priamo
859 1298 1029 1352 missa
1047 1317 1067 1352 .-
1100 1303 1424 1373 tantumque
1449 1297 1502 1351 ei
1530 1313 1735 1352 aurum
1753 1293 2061 1372 pollicetur,
2105 1315 2284 1374 quan·

254 1421 388 1469 tum
438 1410 650 1490 Ulysses
687 1412 741 1467 in
781 1406 1202 1466 tabernaculum
1244 1405 1538 1478 obruerat,
1588 1409 1640 1463 si
1650 1418 1656 1424 ·
1678 1416 1872 1465 castra
1912 1405 2288 1480 Agamemno-

258 1526 352 1581 nis
367 1564 385 1597 ,
431 1534 491 1582 ut
533 1526 586 1581 ei
624 1532 973 1596 convenerat,
1013 1521 1293 1601 proderet.
1373 1520 1576 1600 Itaque
1609 1519 1949 1579 Palamedes
1994 1541 2163 1600 quum
2207 1521 2288 1579 ad

259 1659 462 1713 regem
502 1649 638 1698 esset
693 1635 995 1718 perductus
1058 1645 1111 1694 et
1154 1632 1382 1713 factum
1429 1645 1657 1709 negaret
1671 1676 1689 1708 ,
1752 1638 1808 1692 in
1869 1633 2290 1692 tabernaculum

264 1753 395 1833 ejus
431 1759 610 1814 ierunt
648 1766 701 1813 et
747 1772 952 1813 aarum
992 1747 1318 1830 effoderunt.
1409 1750 1578 1830 Quod
1616 1748 2000 1825 Agamemnon
2043 1760 2103 1809 ut
2143 1749 2293 1824 vidit,

266 1888 464 1926 oerum
491 1866 720 1946 factum
772 1888 886 1926 esse
938 1865 1172 1926 credidit
1194 1860 1307 1947 22).
1404 1861 1506 1923 Sic
1561 1861 1879 1941 Hyginus,
1934 1882 2120 1943 quem
2182 1883 2294 1923 cur

267 1977 482 2056 potius
537 1974 887 2056 Euripidis,
944 1996 1129 2057 quam
1192 1974 1350 2036 alius
1399 1972 1643 2051 tragici,
1705 1972 1974 2035 fabulam
2033 1972 2292 2035 reddere

269 2101 520 2169 putem,
549 2092 666 2151 hae
708 2089 861 2149 mihi
905 2101 1049 2150 sunt
1089 2088 1380 2150 rationes.
1464 2087 1744 2149 Primum
1785 2085 1853 2147 in
1891 2087 2072 2148 initio
2109 2087 2294 2169 ‘illius

276 2201 685 2262 enarrationis
727 2201 985 2280 vestigia
1023 2199 1348 2281 Euripidei
1388 2199 1635 2280 prologi
1673 2199 1873 2261 inesse
1898 2199 2050 2260 mihi
2082 2197 2297 2263 viden-

276 2326 417 2391 tur,
475 2313 699 2375 deinde
751 2327 883 2375 tota
945 2311 1193 2373 fabulae
1249 2311 1408 2372 ratio
1471 2323 1565 2370 est
1631 2309 2049 2389 artificiosior,
2111 2332 2299 2392 quam

282 2423 453 2505 apud
509 2437 741 2486 ceteros
802 2435 1110 2503 auctores,
1174 2436 1235 2485 et
1268 2422 1642 2502 ¹longissime
1698 2420 1883 2484 distat
1944 2444 1982 2484 a
2034 2423 2300 2503 genuina

282 2540 488 2601 forma
536 2541 800 2602 fabulae.
903 2538 1103 2617 Quam
1149 2561 1181 2601 e
1227 2538 1474 2620 Cypriis
1538 2520 1906 2599 carminibus
1932 2613 1938 2619 ι
1965 2535 2051 2599 sic
2112 2535 2303 2598 tradit

284 2645 618 2716 Pausanias
661 2657 743 2733 X,
768 2659 877 2733 31,
905 2658 963 2715 1.
1050 2647 1484 2737 Παλαμήδην
1515 2650 1586 2717 δὲ
1624 2644 2089 2736 ἀποπνιγῆναι
2136 2675 2304 2736 προ-

289 2765 586 2834 ελθόντα
629 2769 741 2834 ἐπὶ
787 2761 1049 2857 ἰχθύων
1093 2758 1354 2850 θήραν,
1413 2758 1763 2849 Διομήδην
1818 2761 1888 2830 δὲ
1948 2756 2071 2829 τὸν
2134 2760 2304 2829 ἄπο-

288 2877 646 2945 κτείναντα
690 2880 861 2946 εἶναι
902 2878 1011 2944 καὶ
1054 2870 1381 2944 Ὀδυσσέα
1442 2855 1917 2960 ἐπὶλεξᾶμενος
1958 2879 2032 2940 ἐν
2074 2879 2305 2941 ἔπεσιν

291 2987 438 3055 οἶδα
460 3002 597 3062 τοῖς
632 2990 966 3075 Κυπρίοις
992 2990 1105 3077 2³).
1165 2991 1256 3051 Ac
1294 2988 1616 3070 probabile
1647 2998 1762 3066 est,
1797 2986 2083 3066 fabulam,
2117 2987 2304 3070 quam

294 3112 358 3161 et
403 3101 742 3184 Aeschylus
800 3115 862 3164 et
920 3104 1257 3184 Sophocles
1318 3111 1713 3177 tractassent,
1773 3118 1934 3163 nova
1994 3112 2056 3163 et
2114 3103 2305 3181 magis

294 3213 621 3276 artificiosa
666 3217 903 3279 ratione
955 3219 1031 3279 ab
1092 3214 1393 3298 Euripide
1451 3235 1581 3275 esse
1637 3214 2029 3276 elaboratam.
2128 3217 2305 3277 Hanc

297 3347 497 3388 meam
542 3329 695 3388 mihi
753 3329 1068 3391 confirmat
1108 3330 1463 3411 opinionem
1493 3327 1589 3389 Cl.
1619 3330 1949 3407 Welckeri
1986 3332 2304 3405 sententia,

300 3441 410 3522 qui
451 3442 809 3521 praesertim
852 3443 919 3503 in
962 3442 1089 3506 doli
1130 3444 1482 3505 narratione
1531 3440 1847 3524 Euripidis
1900 3462 2134 3503 morem
2177 3464 2309 3505 mo·

304 3552 573 3637 dumque
606 3533 855 3635 agnovit
875 3555 986 3641 24).
1049 3558 1239 3618 Istum
1277 3556 1488 3619 dolum
1515 3559 1771 3640 Ulysses
1792 3556 2068 3618 struebat
2110 3557 2309 3636 prima

312 3819 466 3872 quam
504 3819 533 3853 a
566 3799 779 3852 Priamo
827 3796 894 3850 ad
928 3795 1264 3850 Palamedem
1299 3795 1496 3867 scripta
1533 3803 1671 3861 erat,
1710 3791 1952 3846 fraudem
1986 3791 2312 3846 dissimulans

311 3918 426 3953 vere
460 3899 607 3969 jussit
641 3898 706 3951 ad
736 3896 1007 3949 Priamum
1044 3894 1287 3968 perferri.

450 3994 543 4065 22)
579 3994 764 4068 Capite
789 3992 1099 4048 damnatum
1138 3992 1321 4047 Achivi
1352 3990 1614 4064 lapidibus
1649 3990 1956 4043 obruerunt.

449 4092 544 4165 23)
579 4092 903 4166 Cypriorum
939 4092 1153 4146 ultimus
1179 4090 1316 4145 liber
1349 4090 1552 4144 videtur
1585 4089 1865 4160 inscriptus
1917 4086 2071 4140 fuisse
2124 4086 2312 4136 Παλα-

310 4195 510 4264 μηδεία.
584 4190 667 4248 Cf.
701 4190 1094 4259 Schneidewin,
1130 4189 1174 4242 F
1176 4202 1447 4262 ragmente
1482 4186 1678 4261 griech.
1712 4185 1933 4240 Dichter
1965 4204 2059 4238 aus
2083 4183 2183 4236 ein.
2210 4181 2315 4235 Pa-

318 4311 477 4365 pyrus
513 4291 565 4346 d.
599 4291 669 4346 K.
696 4290 869 4344 Musei
904 4309 966 4342 zu
1002 4288 1165 4342 Paris.
1200 4286 1346 4342 Gan.
1384 4289 1539 4341 1838.
1580 4305 1633 4357 p.
1671 4285 1738 4338 15
1777 4283 1836 4335 ff.

449 4400 547 4469 24)
581 4398 860 4471 Supplem.
892 4393 1031 4448 Mus.
1080 4392 1245 4448 Rben.
1280 4392 1354 4461 11,
1396 4394 1518 4448 503.
