3080 5242
1646 588 2066 653 ...36-

859 789 987 851 fere
1042 790 1378 853 maximum
1436 773 1837 855 crudelitatis
1880 793 2232 872 exemplum
2286 790 2688 866 Athenienses
2727 784 2870 872 pro·

857 906 1025 966 xima
1073 905 1274 967 hieme
1318 903 1641 967 ediderant
1685 904 1868 967 caede
1895 905 2251 966 Meliorum.
2334 904 2530 981 Melii,
2565 905 2761 965 libera
2788 906 2865 966 ci-

857 1021 1015 1084 vitas
1025 1065 1061 1099 „
1099 1020 1572 1082 Atheniensium
1615 1019 1975 1101 imperium,
2035 1020 2136 1080 cui
2168 1019 2445 1102 reliquae
2487 989 2724 1080 insulab
2765 1042 2865 1100 pa-

855 1135 1108 1210 rebant,
1165 1130 1274 1193 diu
1329 1143 1786 1218 recusaverant.
1888 1133 2083 1193 Erant
2123 1131 2287 1192 enim
2331 1133 2534 1193 coloni
2572 1131 2866 1193 Lacedae·

855 1244 1240 1323 moniorum,
1295 1243 1406 1325 qui
1468 1242 1762 1305 adversus
1804 1256 2106 1322 cognatos
2165 1238 2306 1305 suos
2368 1245 2480 1305 sub
2529 1245 2868 1306 Athenien-

853 1360 1013 1421 sium
1066 1357 1330 1437 imperio
1400 1358 1654 1422 minime
1711 1359 1944 1419 vellent
2012 1379 2307 1437 pugnare.
2403 1357 2623 1440 Neque
2665 1370 2866 1418 tamen

851 1470 1366 1534 Lacedaemonios
1410 1472 1609 1534 armis‘
1642 1470 2039 1550 adjuverant,
2097 1470 2201 1534 sed
2250 1484 2496 1533 neutras
2538 1484 2746 1552 partes
2802 1471 2865 1531 in

851 1588 1016 1649 bello
1059 1585 1581 1678 Peloponnesiaco
1634 1585 2069 1674 sequebantur.
2164 1582 2347 1659 Quod
2381 1574 2560 1663 aegre
2601 1584 2865 1644 ferentes

850 1701 1254 1764 Athenienses
1299 1697 1400 1763 Ol.
1441 1704 1547 1776 90,
1597 1705 1640 1760 4
1681 1700 1749 1758 in
1790 1700 2055 1759 insulam
2089 1718 2303 1759 eorum
2348 1682 2487 1759 cum
2514 1697 2719 1760 valido
2764 1718 2867 1758 ex-

853 1813 1049 1874 ercitu
1095 1823 1403 1874 venerunt
1457 1785 1530 1871 ‘et
1584 1812 1843 1889 legatos¹
1876 1812 1943 1871 in
1988 1812 2203 1871 urbem
2248 1811 2577 1889 miserunt,
2631 1812 2741 1894 qui
2788 1813 2867 1874 vin

849 1928 1014 1986 hunc
1056 1925 1186 1984 sere
1226 1921 1483 1998 modum
1524 1924 1718 1983 verba
1759 1922 2039 1983 fecerunt
2058 1920 2183 2007 4⁸):
2227 1905 2506 2002 Vem'mus,
2543 1928 2730 2002 Melii,
2771 1928 2866 1988 ob-

850 2047 1100 2123 sequium
1153 2051 1388 2110 oestrum
1418 2042 1768 2121 'postulantes
1806 2062 1912 2100 non
1951 2044 2192 2119 specioso
2235 2041 2420 2121 aliquo
2459 2042 2562 2101 sub
2589 2042 2743 2102 titulo
2767 2054 2867 2103 aut

850 2157 1019 2233 longa
1062 2158 1339 2229 oratione,
1376 2153 1477 2214 sed
1516 2164 1802 2240 sperantes
1817 2196 1833 2227 ‚
1875 2174 1964 2212 vos
2007 2152 2309 2234 majoribus
2350 2155 2548 2214 viribus
2588 2175 2705 2214 esse
2739 2176 2866 2215 con-

847 2290 1115 2332 cessuros.
1198 2268 1401 2344 'Nolite
1456 2270 1625 2343 igitew
1682 2259 2251 2326 Lacedaemoniorum
2321 2269 2699 2343 cognationem
2766 2268 2864 2327 ob-

843 2385 1067 2445 tendere
1100 2394 1203 2443 aut
1245 2382 1307 2442 id
1347 2403 1582 2459 urgere,
1645 2381 1798 2463 quod
1837 2382 1989 2441 nulla
2027 2402 2068 2441 a
2109 2382 2254 2441 vobis
2299 2361 2521 2441 nostrae
2560 2385 2768 2443 civitati
2801 2384 2866 2442 il-

843 2497 968 2557 lata
1008 2501 1077 2556 sit
1116 2472 1351 2576 injurias
1418 2494 1546 2557 Neu
1587 2495 1792 2555 credite
1849 2496 2158 2576 quidquam
2208 2516 2300 2554 vos
2345 2477 2693 2576 proflatur-os
2732 2517 2865 2573 esse,

845 2615 899 2670 si
931 2610 1016 2670 ad
1075 2629 1315 2690 aequum
1356 2606 1460 2688 jus
1499 2612 1803 2688 provocetis
1815 2651 1836 2682 ,
1889 2591 2042 2688 quod
2077 2610 2186 2688 ipsi
2230 2611 2379 2667 scitis
2427 2611 2565 2670 inter
2625 2608 2864 2682 homines=

846 2744 951 2784 non
991 2723 1172 2783 valere
1223 2725 1330 2780 nisi
1372 2723 1510 2791 inter
1535 2756 1540 2761 ·
1567 2712 1761 2800 pare-5.
1868 2718 2064 2799 Quam
2125 2721 2400 2798 concedite
2434 2724 2724 2803 postulatis
2762 2745 2862 2784 no..

842 2841 988 2913 stt-125,
1029 2848 1211 2916 utpote
1249 2840 1491 2916 impares
1510 2876 1530 2911 ,
1574 2837 1674 2916 qui
1707 2837 2020 2911 necessitati
2055 2834 2339 2897 resistatis:
2422 2834 2519 2897 Ad
2563 2814 2741 2920 quae*
2763 2859 2860 2899 re-

844 2949 1215 3030 spondentes
1274 2947 1453 3009 Melii
1512 2969 1707 3031 quum
1763 2959 2117 3025 monerent,
2181 2968 2310 3010 non
2359 2970 2604 3031 semper
2659 2951 2858 3013 exitus

843 3055 1149 3121 bellorum
1191 3060 1527 3135 majoribus
1580 3059 1823 3122 viribus
1867 3079 1994 3120 esse
2037 3074 2398 3141 prosperos,
2454 3084 2645 3145 quare
2688 3084 2861 3144 spem

842 3173 961 3234 sibi
1002 3192 1152 3250 esse,
1193 3171 1360 3251 fore,
1411 3184 1514 3249 ut,
1559 3172 1613 3232 si
1657 3172 1918 3248 civitatis
1962 3193 2105 3234 suae
2156 3186 2462 3237 vetustam
2507 3177 2860 3271 septingen-

841 3297 1047 3348 torum
1094 3305 1396 3347 annorum
1439 3285 1789 3345 libertatem
1847 3285 2033 3346 armis
2091 3284 2520 3368 defenderent,
2585 3288 2700 3369 dii,
2746 3291 2858 3374 qui

841 3421 1105 3483 aequum
1147 3403 1242 3485 jus
1286 3392 1613 3459 tuerentur
1630 3441 1650 3473 ,
1713 3390 1854 3459 gibi?
1882 3384 2083 3459 essent
2124 3399 2390 3461 auxilio:
2449 3402 2859 3485 Athenienses

842 3532 946 3574 eos
984 3514 1215 3585 hortati
1257 3525 1437 3590 sunt,
1459 3539 1473 3553 ·
1504 3523 1578 3573 ut
1618 3533 1696 3573 ne
1737 3512 1803 3573 in
1845 3511 1962 3574 diis
2006 3535 2180 3594 spem
2219 3526 2558 3594 ponerent,
2603 3495 2721 3599 qui
2753 3539 2858 3580 res

840 3625 1135 3687 humanas
1182 3606 1270 3686 ita
1317 3626 1797 3703 constituissent,
1845 3638 1915 3685 ut
1966 3625 2190 3687 fortior
2224 3625 2616 3689 imbecilliori
2655 3631 2858 3712 impe-

839 3750 1025 3814 raret,
1070 3760 1225 3801 neve
1269 3737 1910 3819 inLacedaemoniis,
1951 3740 2080 3822 qui,
2123 3739 2360 3801 etiamsi
2401 3740 2728 3804 honestum
2767 3716 2860 3806 *sit

836 3851 1035 3915 socios
1076 3850 1258 3927 tueri,
1302 3851 1567 3914 insulam
1607 3853 2009 3935 longinquam
2039 3876 2261 3936 parum
2296 3869 2599 3918 curarent.
2683 3858 2859 3919 Haec

836 3963 1101 4045 professi
1144 3973 1289 4055 sunt
1340 3965 1753 4029 Athenienses
1795 3969 2079 4048 precibus
2137 3969 2474 4033 Meliorum
2521 3958 2738 4052 pacem
2780 3995 2857 4034 ac

836 4079 1068 4165 foedus¹
1093 4078 1507 4164 quodcunque
1551 4083 1897 4159 petentium
1958 4085 2116 4148 nihil
2157 4086 2443 4167 mitigati.
2524 4088 2658 4149 Jam
2700 4090 2861 4152 ulti-

875 4330 881 4337 ·
973 4327 1071 4399 48)
1108 4327 1189 4383 cf.
1220 4304 1335 4381 Th}
1360 4331 1411 4394 5,
1450 4329 1516 4381 ss
1544 4357 1560 4368 -
1585 4328 1704 4380 111.
