3080 5242
1715 562 2132 631 ..34-

923 765 1111 842 nicie,
1164 784 1319 846 quae
1363 761 1738 825 Cassandrae
1798 760 2230 823 vaticiniorum
2290 760 2617 851 veritatem
2675 765 2913 825 horren·

921 878 1066 939 dum
1110 877 1173 938 in
1218 875 1469 939 modum
1523 877 1828 957 probent,
1889 874 2204 934 Hecubam
2260 885 2323 935 et
2381 858 2657 937 Troades
2709 900 2913 957 parum

920 989 1236 1052 attendere
1280 988 1358 1050 ad
1402 1010 1504 1067 ea,
1564 1009 1721 1070 quae
1764 1000 1934 1051 vates
1977 986 2085 1046 illa
2127 987 2509 1066 pronuntiet.
2593 986 2820 1064 Quibus
2865 991 2913 1053 si

919 1103 1103 1166 fidem
1144 1105 1474 1179 haberent,
1509 1080 1800 1162 ¹multum
1854 1098 1997 1160 inde
2053 1099 2259 1161 solatii
2314 1100 2388 1161 iis
2443 1099 2911 1165 redundaturum

918 1219 1103 1281 fuisse
1161 1217 1330 1280 dicit.
1414 1219 1498 1279 At
1556 1216 1675 1277 ista
1725 1215 1948 1277 mentis
2007 1216 2263 1277 caecitas
2316 1214 2616 1296 divinitus
2668 1216 2744 1278 iis
2793 1231 2913 1280 erat

917 1330 1187 1393 inmissa.
1273 1328 1478 1405 Quare
1520 1330 1716 1405 mala,
1759 1329 1982 1412 quibus
2024 1331 2479 1409 obruebantur,
2521 1352 2757 1412 poenae
2797 1338 2912 1412 ejus

918 1445 1220 1508 caecitatis
1265 1465 1394 1507 esse
1437 1464 1563 1505 non
1605 1455 1916 1525 poterant.
1999 1446 2098 1506 De
2142 1444 2545 1507 similitudine
2587 1448 2816 1528 primae
2857 1460 2914 1510 et

917 1559 1216 1623 secundae
1256 1557 1644 1652 tragoediae,
1699 1558 2044 1639 comparari
2109 1557 2360 1640 quidem
2400 1571 2660 1638 possunt
2698 1559 2915 1621 Priami

917 1689 977 1737 et
1020 1676 1406 1751 Achivorum
1442 1673 1700 1752 judicia,
1765 1672 1872 1735 sed
1914 1686 2121 1749 tamen
2169 1694 2239 1735 ea
2279 1673 2622 1754 ipsa'inter
2664 1695 2730 1736 se
2771 1678 2915 1736 mul-

917 1802 1050 1850 tum
1092 1787 1407 1849 differunt.
1488 1785 1773 1847 Priamus
1823 1786 1986 1854 enim
2012 1786 2330 1866 Deiphobi
2357 1768 2635 1848 oratione
2671 1788 2916 1849 facunda

916 1914 980 1963 et
1026 1902 1151 1962 acri
1192 1921 1387 1981 paene
1435 1907 1857 1979 permovetur,
1901 1907 1972 1957 ut
2014 1896 2215 1957 filium
2253 1898 2448 1960 occidi
2484 1900 2661 1977 sinat3
2704 1899 2916 1963 Achivi

917 2029 1133 2077 contra
1174 2033 1299 2075 non
1342 2012 1565 2103 verbis·
1591 2010 1774 2072 modo
1828 2010 2035 2073 Ulixis
2087 1987 2374 2090 credunt,
2431 2010 2540 2092 sed
2585 2012 2770 2073 etiam
2824 2003 2916 2074 ‘in-

914 2127 1124 2207 diciis,
1169 2146 1325 2209 quae
1374 2144 1583 2206 paene.
1620 2135 1787 2184 certa
1830 2122 2220 2185 videbantur.
2325 2127 2524 2187 Porro
2567 2126 2917 2208 Deiphobus

913 2256 1127 2324 aperte
1200 2239 1558 2303 Alexandro
1588 2305 1602 2319 ,
1638 2239 1973 2320 perniciem
2047 2239 2300 2320 afferre,
2349 2252 2638 2319 conatur,
2712 2241 2918 2304 Ulixes

909 2369 1069 2418 tecte
1112 2353 1379 2426 insidias,
1407 2356 1596 2417 struit
1637 2354 1971 2417 Palamedi.
2055 2354 2273 2417 Nihilo
2331 2355 2535 2417 minus
2588 2368 2797 2417 tamen
2845 2355 2919 2417 si-

909 2472 1323 2533 militudinem
1394 2468 1721 2552 quandam·
1760 2470 2110 2541 fabularum
2168 2465 2453 2528 concedo.
2561 2466 2685 2531 Sed
2739 2490 2922 2551 quum

910 2585 1094 2647 tertia
1138 2584 1360 2645 fabula.
1394 2582 1471 2644 ad
1517 2601 1654 2643 eam
1693 2577 2160 2643 similitudinem
2203 2597 2331 2641 non
2371 2578 2634 2659 accedat,
2675 2577 2763 2642 ’ne
2801 2582 2920 2674 shac

910 2701 1161 2785 quidem
1201 2698 1441 2760 ratione
1484 2697 1690 2758 unitas
1736 2693 2040 2778 quaedam
2098 2696 2459 2775 tetralogiae
2503 2696 2662 2757 effici
2701 2708 2923 2778 potest.

1033 2816 1267 2893 Restat,
1308 2825 1378 2874 ut
1421 2811 1497 2874 de
1540 2832 1613 2873 ea
1657 2812 1898 2873 ratione
1930 2788 2159 2888 dicam,
2202 2831 2327 2893 qua
2368 2812 2714 2873 Schoellius
2758 2812 2923 2895 Sisy-

906 2931 1099 3008 phussm
1142 2926 1487 3009 Satyricum
1529 2936 1666 2988 cuin
1706 2925 1955 3005 trilogia
1983 2926 2393 3009 conjunxerit.
2474 2925 2809 3008 Sisyphum
2850 2929 2923 2987 ab

907 3039 1204 3119 Euripide
1250 3042 1512 3101 electum
1573 3061 1700 3101 esse
1760 3050 1964 3108 censet
2021 3040 2100 3099 ob
2165 3039 2451 3100 eximiam
2509 3039 2924 3119 calliditatem,

906 3174 1033 3236 qua
1064 3153 1319 3215 Ulixem
1360 3165 1675 3234 aequaret.
1765 3152 1928 3214 Sane
1983 3158 2134 3215 vero
2196 3151 2497 3234 Sisyphus
2550 3155 2756 3234 poetis
2805 3160 2928 3234 jam

907 3264 1051 3327 inde
1095 3268 1171 3327 ab
1215 3266 1487 3343 Homero
1502 3261 1592 3348 44)
1635 3265 1977 3346 perfectum
2019 3263 2368 3326 calliditatis
2399 3279 2530 3327 erat
2554 3271 2927 3349 exemplum,

800 3378 824 3404 ⁹
906 3393 968 3441 et
991 3374 1262 3442 Ulixem
1305 3379 1384 3439 ob
1431 3397 1566 3438 eam
1611 3376 2100 3454 similitudinem·
2134 3379 2350 3457 tragici
2403 3379 2720 3442 interdum
2759 3382 2932 3464 Sisy·

908 3494 1019 3573 phi
1059 3493 1257 3555 filium
1302 3492 1598 3552 fecerunt.
1710 3490 1915 3567 Quare
1970 3490 2303 3571 Euripides
2363 3504 2434 3552 ut
2485 3491 2554 3553 in
2595 3492 2932 3555 Palamede

905 3620 967 3668 et
1007 3607 1354 3669 Troadibus
1396 3607 1650 3670 Ulixem
1693 3608 1838 3669 fecit
1879 3607 2227 3671 vincentem
2270 3604 2608 3669 calliditate
2654 3629 2798 3684 sua,
2845 3608 2936 3668 ita
3034 3597 3045 3623 “

904 3720 969 3780 in
1015 3718 1220 3781 fabula
1260 3721 1537 3803 Satyrica
1573 3720 1938 3802 Sisyphum,
1979 3719 2119 3800 pari
2163 3719 2370 3783 virum
2413 3718 2772 3797 calliditate,
2822 3741 2939 3780 ex-

809 3874 814 3875 ff
903 3831 1128 3912 pressit
1169 3831 1400 3926 yictum
1442 3847 1504 3907 et
1556 3836 1854 3896 scelerum
1898 3853 2141 3915 poenas
2203 3834 2571 3896 solventem.
2688 3837 2762 3896 In
2825 3836 2944 3896 dai

1042 4103 1139 4175 44)
1174 4101 1329 4173 Hom.
1367 4100 1427 4153 Il.
1464 4101 1556 4167 Vl,
1593 4104 1724 4155 153:

1166 4206 1275 4256 ἔστι
1307 4198 1455 4262 πόλις
1490 4199 1702 4273 Ἐφύρη,
1738 4206 1883 4272 μυχῷ
1905 4202 2123 4273 ’Ἄργεος
2149 4199 2463 4270 ἱπποβότοιο,
2548 4212 2564 4219 ’

1162 4312 1293 4364 ἔνθα
1329 4313 1386 4364 δὲ
1420 4314 1647 4374 Σίσυφος
1683 4303 1834 4363 ἴσκεν,
1870 4297 1897 4351 ὅ
1933 4305 2196 4372 κέρδιστος
2231 4299 2389 4367 γένετ’
2423 4299 2643 4372 ἀνδρῶν.
