3080 5242
1588 593 2009 681 ...m-.-

921 821 1001 880 At
1042 816 1271 878 nodum
1317 779 1666 879 desiderant
1706 812 1773 873 in
1817 814 1927 872 hac
1963 811 2187 871 fabula.
2274 809 2433 869 Sane
2463 829 2613 872 vero
2655 811 2813 870 hanc

799 933 1065 994 fabulam
1125 950 1308 993 nemo
1372 929 1448 991 ad
1491 929 1870 1010 implicatum
1923 924 2152 985 referet
2207 921 2558 1002 tragoediae
2600 942 2814 1001 genus.

797 1048 1036 1108 Verum
1093 1044 1255 1105 enim
1313 1062 1461 1105 vero
1526 1043 1595 1103 in
1648 1062 1719 1101 ea
1779 1038 2106 1100 discrimen
2171 1033 2484 1118 quoddam
2526 1035 2814 1096 fortunae

799 1149 987 1222 inest.
1083 1157 1376 1220 Proxima
1436 1168 1617 1217 nocte
1673 1153 1854 1214 llium
1910 1153 1987 1212 ab
2026 1148 2276 1211 Achivis
2342 1159 2587 1228 captum
2660 1160 2816 1210 erat.

800 1275 935 1335 Jam
966 1283 1300 1353 postquam
1344 1269 1520 1330 furor
1564 1279 1625 1329 et
1665 1264 1912 1343 caedes,
1955 1284 2113 1347 quae
2157 1284 2294 1324 cum
2336 1263 2541 1343 primo
2578 1263 2819 1344 impetu

802 1392 1123 1466 conjuncta
1177 1398 1352 1463 sunt,
1424 1384 1744 1465 paulisper
1802 1379 2198 1457 resederunt,
2257 1400 2396 1459 spes
2436 1390 2605 1455 erat,
2660 1380 2822 1458 fore,

804 1512 873 1561 ut
915 1499 1138 1562 Achivi
1190 1519 1227 1559 a
1267 1498 1522 1560 saevitia
1584 1497 1767 1576 plane
1816 1493 2203 1556 desisterent.
2302 1491 2425 1554 Sed
2466 1497 2640 1568 juxta
2680 1492 2823 1554 fieri

802 1611 1040 1693 potuit,
1108 1624 1179 1674 ut
1244 1611 1448 1673 denuo
1504 1610 1740 1672 saevire
1797 1611 2165 1690 inciperent.
2274 1606 2480 1694 Quare
2543 1607 2822 1688 captivae

767 1724 1076 1797 ,Troades
1135 1723 1354 1785 anxiae
1401 1722 1781 1784 fluctuabant
1831 1722 1998 1782 inter
2056 1741 2227 1800 spem
2280 1741 2350 1780 ac
2402 1732 2654 1783 metum.
2739 1722 2825 1782 At

806 1858 955 1899 mox
1019 1838 1331 1898 fortunam
1395 1834 1463 1895 in
1532 1833 1904 1897 deteriorem
1969 1845 2210 1914 partem
2273 1853 2528 1913 vergere
2590 1831 2825 1912 vident,

808 1951 997 2012 immo
1028 1948 1280 2011 duriora
1316 1948 1745 2028 experiuntur,
1775 1967 1959 2031 quam
1993 1959 2136 2008 ante
2169 1946 2526 2009 timuerant.
2610 1948 2826 2030 Itaque

810 2065 983 2125 nulla
1022 2075 1113 2125 est
1154 2063 1354 2142 ratio,
1415 2084 1525 2125 cur
1569 2061 1645 2124 de
1703 2063 1937 2124 infelici
1980 2065 2162 2141 hujus
2208 2062 2451 2123 fabulae
2496 2063 2672 2124 exitu
2715 2084 2831 2124 un-

813 2198 998 2263 quam
1063 2177 1438 2242 dubitemus.
1569 2180 2017 2270 Verumtamen
2078 2177 2370 2260 quoniam
2442 2195 2653 2238 omnes
2710 2198 2829 2257 res,

812 2316 849 2357 a
892 2296 1116 2377 quibus
1175 2294 1332 2358 illud
1398 2294 1727 2358 discrimen
1784 2294 2046 2376 pendet,
2113 2306 2290 2355 extra
2346 2277 2617 2355 fabulam
2676 2292 2831 2354 sitae

812 2424 956 2473 sunt
970 2457 988 2489 ‚
1046 2411 1244 2474 nodus
1296 2413 1365 2473 in
1406 2434 1478 2473 ea
1520 2433 1649 2474 non
1690 2413 1872 2474 inest.
1959 2409 2084 2473 Sed
2128 2410 2274 2472 satis
2317 2421 2445 2487 est,
2503 2408 2831 2470 discrimen

816 2523 1099 2583 fortunae
1157 2524 1355 2584 inesse
1407 2536 1469 2586 et
1530 2525 1837 2586 actionem
1893 2525 2137 2587 fabulae
2181 2525 2409 2585 habere
2477 2523 2727 2585 initium
2774 2535 2835 2584 et

817 2638 1088 2702 medium
1138 2651 1202 2701 et
1257 2638 1477 2718 finem,
1546 2662 1705 2724 quae
1763 2641 1886 2702 tria
1938 2641 2303 2701 Aristoteles
2354 2642 2529 2702 Poet.
2566 2643 2624 2718 7,
2670 2645 2835 2717 2-7,

818 2756 886 2815 in
939 2761 1100 2843 justa
1159 2756 1365 2816 fabula
1430 2756 1718 2837 requirit.
1822 2759 2043 2820 Initium
2103 2767 2310 2825 autem
2373 2759 2500 2834 ejus
2556 2757 2838 2837 actionis,

821 2867 1004 2952 quam
1046 2869 1319 2933 Troades
1363 2871 1710 2947 continent,
1754 2883 1846 2935 est
1884 2872 1985 2932 Ilii
2025 2870 2429 2952 expugnatio,
2468 2871 2534 2930 in
2577 2871 2837 2950 prologo

824 3005 859 3044 a
888 2984 1184 3062 Neptuno
1227 2995 1512 3061 narrata3
1555 2987 1794 3046 medium
1837 2985 2082 3046 sortitio
2126 2983 2508 3064 captivarum
2553 2995 2616 3044 et
2657 3004 2840 3044 saeva

822 3099 981 3159 facta
1007 3098 1071 3157 in
1096 3095 1525 3174 Cassandram,
1566 3096 1974 3178 Polyxenam,
2003 3099 2433 3181 Astynactem3
2465 3097 2602 3175 fim‘s
2634 3096 2839 3178 capti-

824 3231 1040 3273 varum
1082 3211 1149 3271 in
1191 3231 1374 3272 naves
1418 3208 1729 3272 deductio.

946 3322 1234 3385 Ceterum
1276 3322 1642 3405 praecipuae
1684 3323 1945 3385 virtutes
1987 3322 2168 3400 hujus
2210 3296 2562 3404 tragoediae
2604 3342 2730 3385 non
2770 3324 2841 3385 in

825 3436 1062 3498 actione
1113 3438 1348 3519 positae
1397 3451 1571 3517 suut,
1636 3436 1744 3500 sed
1794 3439 1860 3498 in
1911 3458 2152 3499 morum
2214 3439 2559 3500 imitatione
2617 3452 2678 3500 et
2732 3438 2841 3501 de-

826 3550 1157 3630 scriptione
1201 3553 1549 3614 affectuum.
1652 3553 1972 3615 Praeclare
2016 3552 2178 3613 enim
2234 3564 2691 3631 componuntur
2725 3552 2842 3615 -di-

828 3687 1002 3727 versa
1071 3667 1312 3746 ingenia
1363 3671 1649 3731 Hecubae
1710 3682 1772 3731 et
1820 3667 2284 3730 Andromachae
2332 3679 2396 3731 et
2440 3667 2839 3731 Cassandrae.

828 3781 1105 3855 Hecuba,
1168 3801 1324 3859 quae
1369 3781 1532 3842 haud
1591 3780 1776 3843 dubie
1820 3781 2051 3862 primas
2105 3793 2312 3862 partes
2328 3772 2349 3827 ἒ
2365 3781 2428 3840 in
2472 3782 2586 3841 hac
2629 3781 2841 3843 fabula

829 3904 1069 3967 tuetur,
1114 3893 1238 3952 acri
1278 3894 1503 3954 mulier
1540 3894 1749 3953 animo
1791 3915 1860 3954 ac
1894 3915 2088 3975 paene
2129 3893 2326 3970 virili,
2372 3893 2838 3971 calamitatibus,

829 4007 1053 4087 quibus
1114 4005 1429 4082 obruitur,
1499 4006 1896 4066 vehementer
1951 4020 2396 4084 commovetur,
2473 4019 2534 4067 et
2597 4007 2838 4068 rabiem

833 4118 1138 4201 quandam
1180 4118 1413 4182 doloris
1446 4118 1735 4197 ostendit,
1775 4133 1847 4181 ut
1890 4121 1976 4182 ait
2006 4122 2220 4181 Cicero
2251 4123 2426 4184 Tusc.
2448 4124 2506 4198 3,
2526 4124 2625 4182 26.
2693 4120 2846 4183 Cas-

723 4210 726 4215 *
830 4232 1050 4295 sandra
1095 4247 1306 4296 contra
1347 4233 1754 4295 infortunium
1797 4253 2090 4311 generoso
2139 4234 2342 4295 animo
2388 4235 2655 4315 perfert,
2715 4257 2843 4296 ma·

831 4351 1032 4409 lorum
1096 4352 1248 4412 ictus
1308 4352 1415 4412 illa
1479 4348 1730 4432 quidem
1791 4361 1852 4411 et
1912 4349 2044 4429 ipsa
2097 4349 2396 4426 sentiens,
2463 4348 2568 4410 sed
2631 4350 2844 4412 divino
