3080 5242
1011 564 1435 629 ..33-

337 717 469 824 Ja⁴m
508 779 662 826 vero
704 759 783 822 de
826 779 898 820 ea
939 757 1221 836 trilogiae
1251 755 1494 833 ratione
1523 756 1850 819 dicendum
1879 771 2000 838 est,
2041 780 2223 841 quam

226 861 464 937 omnino
505 853 824 953 Euripidis
864 871 1185 954 propriam
1238 871 1428 933 fuisse
1479 869 1823 950 arbitratur
1863 872 2226 938 Schoellius.

223 989 451 1070 Nempe
513 988 671 1048 hanc
731 989 861 1063 eJus
910 984 977 1045 in
1034 985 1376 1064 tetralogiis
1432 983 1873 1066 componendis
1923 986 2225 1049 rationem

224 1102 401 1164 luisse
444 1099 785 1177 existimat,
836 1109 910 1159 ut
960 1118 1145 1160 unam
1199 1098 1568 1160 sententiam
1613 1097 1744 1163 sive
1786 1119 1975 1160 unum
2016 1120 2222 1161 rerum

222 1235 404 1295 genus
444 1224 713 1297 quatuor
751 1212 1101 1274 fabularum
1142 1213 1517 1293 argumentis
1559 1214 1900 1275 illustraret
1922 1214 2225 1276 similibus

223 1339 323 1389 aut
363 1328 576 1389 saltem
620 1347 694 1388 ea
732 1338 1091 1404 argumenta
1110 1326 1198 1387 sic
1230 1326 1606 1403 institueret,
1652 1337 1723 1386 ut
1756 1327 2043 1408 pluribus
2074 1327 2225 1388 locis

222 1441 437 1504 similia
493 1453 715 1522 essent.
814 1440 917 1504 Sic
968 1440 1330 1523 Euripidem
1387 1453 1569 1522 putat
1623 1440 1690 1500 in
1751 1460 1823 1500 ea
1882 1440 2227 1517 tetralogia,

224 1575 374 1640 quae
418 1553 698 1630 Cressas,
736 1553 1171 1617 Alcmaeonem
1213 1554 1280 1614 in
1322 1552 1667 1635 Psophide,
1704 1555 2045 1635 Telephum
2087 1575 2223 1616 cum

219 1666 521 1730 Alcestide
557 1668 926 1746 continebat,
950 1667 1281 1746 mulierum
1310 1666 1575 1730 virtutes
1599 1689 1669 1731 ac
1691 1668 1845 1750 vitia
1869 1666 2226 1746 illustrasse,

221 1779 285 1841 in
324 1780 432 1841 illa
475 1797 658 1856 vero,
714 1765 781 1840 in
823 1801 947 1863 qua
985 1778 1210 1843 Medea
1256 1781 1695 1860 Philoctetam,
1735 1781 1968 1863 Dictyn
2000 1793 2063 1843 et
2093 1783 2227 1849 Σα-
2354 1809 2363 1819 ·

217 1893 456 1976 ἐὔρους
500 1889 805 1977 &pauide
846 1892 1262 1973 antecedebat,
1303 1892 1405 1973 agi
1451 1892 1527 1955 de
1569 1894 1638 1958 vi
1681 1895 1928 1974 gentilis
1956 1913 2227 1955 commu-

219 2001 427 2066 nitatis
493 2016 554 2065 et
604 2007 1074 2103 pereginorum
1132 2005 1509 2068 conditione.
1618 2009 1787 2071 Haec
1852 2029 1999 2070 num
2057 2021 2225 2070 recte

219 2117 529 2197 statuerit,
594 2139 799 2181 meum
839 2139 967 2181 non
1011 2131 1133 2198 est,
1187 2120 1573 2196 examinare,
1626 2119 1737 2181 sed
1779 2120 1855 2182 de
1900 2119 2228 2181 didascalia

218 2251 323 2293 seu
365 2232 688 2312 tetralogia
727 2232 952 2293 Troica
991 2228 1328 2293 videndum
1370 2241 1482 2307 est,
1526 2252 1678 2315 num
1722 2230 1802 2292 ad
1843 2251 1976 2291 eam
2016 2233 2228 2311 expla-

218 2344 484 2408 nandam
523 2347 673 2407 haec
713 2345 877 2407 ratio
919 2345 1000 2407 sit
1045 2342 1411 2406 adhibenda.
1492 2345 1566 2405 In
1607 2344 1717 2406 illa
1757 2342 2083 2420 didascalia
2118 2348 2228 2406 ob-

214 2470 422 2521 servat
462 2457 807 2520 Schoellius
848 2478 963 2537 per
1005 2476 1218 2518 omnes
1259 2454 1608 2535 tragoedias
1663 2457 2054 2537 conspicuam
2096 2477 2225 2518 esse

213 2573 626 2636 temeritatem
670 2569 979 2656 quandam
1011 2569 1343 2649 judicandi.
1428 2574 1498 2635 P.
1519 2574 1640 2635 65:
1685 2574 1810 2636 Das
1840 2586 1981 2636 ersis
2004 2577 2227 2638 Drama

209 2691 381 2753 :1⁶11oe
422 2690 513 2750 bei
548 2690 676 2749 dem
721 2689 1085 2749 Ueleso-mulae
1123 2690 1229 2749 der
1269 2689 1627 2760 Priamiden,
1673 2693 1730 2747 in
1787 2691 1959 2750 ihr-em
1984 2692 2227 2772 jd‘hzor-

209 2812 373 2883 niem
415 2776 723 2883 Vct-sabran
757 2824 933 2879 gregat
973 2804 1082 2864 den
1121 2805 1322 2865 Hie-tm
1337 2846 1356 2877 ,
1398 2806 1519 2865 ihre
1558 2803 1834 2865 Blindheit
1875 2805 2007 2877 dar,
2049 2806 2231 2865 indem

207 2922 289 2980 εἰσ
362 2941 458 2979 um
512 2923 597 2995 ein
653 2918 874 2977 Klanes
938 2916 1046 2987 dm
1098 2916 1374 2975 leiblichm
1426 2917 1656 2978 Bruder
1709 2918 1957 2994 getiidtet
2022 2920 2230 2979 hilum.

209 3028 390 3107 Quae
433 3028 656 3091 deinde
698 3027 1042 3092 Schoellius
1081 3026 1253 3089 addit
1296 3027 1373 3091 de
1414 3030 1689 3093 Helenae
1729 3030 2059 3112 rapiendae
2085 3052 2230 3092 con-

210 3145 380 3222 silio,
422 3142 593 3227 quod
633 3143 809 3206 Paris
855 3156 921 3205 et
960 3143 1221 3226 reliqui,
1257 3145 1554 3224 neglectis
1595 3143 1973 3209 Cassandrae
2015 3146 2229 3207 vatici-

207 3258 365 3334 niis,
411 3256 1023 3334 communicaverint,
1083 3277 1155 3318 ea
1197 3256 1308 3347 vix
1351 3270 1508 3338 puto
1548 3259 1616 3320 in
1658 3261 1778 3320 hoc
1817 3258 2092 3320 dramate
2134 3259 2231 3318 in-

208 3374 429 3435 fuisse.
510 3370 608 3430 De
650 3368 977 3430 Palamede
1019 3381 1223 3432 autem
1245 3370 1587 3449 Schoellius
1629 3372 1716 3432 sic
1766 3369 2009 3432 disserit
2032 3392 2094 3449 p.
2119 3373 2229 3432 66:
2312 3382 2336 3407 ·

205 3491 321 3552 Είιι
374 3489 588 3550 ΠήΙιείΙ
623 3482 756 3548 ὀὖσι
794 3510 858 3547 so
899 3488 1082 3564 bb‘rtd,
1127 3510 1191 3549 so
1229 3489 1609 3549 iiber-silvam!
1651 3501 1714 3547 so
1756 3488 2122 3562 mauman,
2162 3494 2230 3549 ist

206 3603 369 3664 auch
409 3602 515 3661 der
554 3600 908 3677 Gegenstand
962 3600 1064 3660 des
1101 3604 1321 3661 mcum
1369 3601 1627 3674 Drama,
1682 3623 1766 3661 ιυο
1825 3602 1915 3661 die
1972 3601 2232 3664 Achaeor-

205 3719 353 3778 ia‘ber
393 3714 733 3776 Palamedes
771 3714 954 3774 chen
981 3714 1340 3777 ειώεῆιίὀω.
1442 3710 1665 3792 Neque
1715 3732 1753 3771 a
1796 3710 1980 3773 tertia
2022 3712 2229 3775 fabula

205 3803 594 3907 pravitatem
635 3821 848 3901 judicii
893 3823 1105 3887 abesse
1147 3822 1318 3885 dicit.
1401 3822 1610 3886 Media
1652 3823 1717 3884 in
1761 3823 1939 3886 ruina
1983 3837 2043 3886 et
2088 3846 2230 3905 per-

201 4093 525 4166 gesordereae
565 4094 909 4148 Verlsc‘iltm’ss
957 4095 1195 4149 wirklich
1241 4100 1397 4150 State
1444 4095 1719 4167 gesunden
1766 4091 1928 4147 habs,
1986 4089 2119 4141 νίν-«Ι
2170 4091 2229 4140 in

202 4193 334 4244 dens
372 4194 548 4245 Grade
584 4193 1107 4257 mahtsclseinlicloer,
1154 4193 1240 4246 als
1291 4213 1414 4247 man
1461 4194 1558 4244 mie
1607 4186 2094 4262 Aufmstksamkec't
2145 4185 2228 4235 die

199 4288 438 4359 Aulagae
480 4289 573 4342 der
603 4290 842 4344 Troada
875 4290 1194 4349 bees-aelatae.

1691 4392 1732 4451 3
