<?xml version="1.0" encoding="UTF-8"?>
<!DOCTYPE html PUBLIC "-//W3C//DTD XHTML 1.0 Transitional//EN"
    "http://www.w3.org/TR/xhtml1/DTD/xhtml1-transitional.dtd">
<html xmlns="http://www.w3.org/1999/xhtml" xml:lang="en" lang="en">
 <head>
  <title>
</title>
<meta http-equiv="Content-Type" content="text/html;charset=utf-8" />
  <meta name='ocr-system' content='tesseract 3.04.00' />
  <meta name='ocr-capabilities' content='ocr_page ocr_carea ocr_par ocr_line ocrx_word'/>
</head>
<body>
  <div class='ocr_page' id='page_1' title='image "./deeuripidistroi00plangoog_0054.png"; bbox 0 0 3080 5242; ppageno 0'>
   <div class='ocr_carea' id='block_1_1' title="bbox 1443 517 2945 642">
    <p class='ocr_par' dir='ltr' id='par_1_1' title="bbox 1443 517 2945 642">
     <span class='ocr_line' id='line_1_1' title="bbox 1443 517 2945 642; baseline -0.005 -57"><span class='ocrx_word' id='word_1_1' title='bbox 1443 543 1473 574; x_wconf 89' lang='lat'><strong>·</strong></span> <span class='ocrx_word' id='word_1_2' title='bbox 1639 517 2061 626; x_wconf 60' lang='lat'><strong>-546-</strong></span> <span class='ocrx_word' id='word_1_3' title='bbox 2924 589 2945 642; x_wconf 32' lang='lat' dir='ltr'><strong>a</strong></span> 
     </span>
    </p>
   </div>
   <div class='ocr_carea' id='block_1_2' title="bbox 841 700 2945 923">
    <p class='ocr_par' dir='ltr' id='par_1_2' title="bbox 841 700 2945 923">
     <span class='ocr_line' id='line_1_2' title="bbox 841 700 2945 806; baseline -0.004 -25"><span class='ocrx_word' id='word_1_4' title='bbox 841 720 948 797; x_wconf 85' lang='lat' dir='ltr'><strong>tis,</strong></span> <span class='ocrx_word' id='word_1_5' title='bbox 994 718 1361 794; x_wconf 72' lang='lat' dir='ltr'><strong>infantibus,</strong></span> <span class='ocrx_word' id='word_1_6' title='bbox 1421 715 1777 798; x_wconf 86' lang='lat' dir='ltr'><strong>parentibus</strong></span> <span class='ocrx_word' id='word_1_7' title='bbox 1821 717 2179 806; x_wconf 75' lang='lat' dir='ltr'><strong>plorantes,</strong></span> <span class='ocrx_word' id='word_1_8' title='bbox 2218 700 2486 776; x_wconf 35' lang='lat' dir='ltr'><strong>victores*</strong></span> <span class='ocrx_word' id='word_1_9' title='bbox 2525 713 2879 774; x_wconf 80' lang='lat' dir='ltr'><strong>insolentia</strong></span> <span class='ocrx_word' id='word_1_10' title='bbox 2944 787 2945 806; x_wconf 13' lang='grc' dir='ltr'><strong>Χ</strong></span> 
     </span>
     <span class='ocr_line' id='line_1_3' title="bbox 841 819 2945 923; baseline -0.004 -29"><span class='ocrx_word' id='word_1_11' title='bbox 841 834 1238 909; x_wconf 77' lang='lat' dir='ltr'><strong>exsultantes,</strong></span> <span class='ocrx_word' id='word_1_12' title='bbox 1280 828 1546 923; x_wconf 78' lang='lat' dir='ltr'><strong>denique</strong></span> <span class='ocrx_word' id='word_1_13' title='bbox 1584 830 1774 890; x_wconf 90' lang='lat' dir='ltr'><strong>iratos</strong></span> <span class='ocrx_word' id='word_1_14' title='bbox 1819 824 1986 904; x_wconf 88' lang='lat' dir='ltr'><strong>deos,</strong></span> <span class='ocrx_word' id='word_1_15' title='bbox 2032 846 2300 909; x_wconf 84' lang='lat' dir='ltr'><strong>quorum</strong></span> <span class='ocrx_word' id='word_1_16' title='bbox 2329 825 2483 886; x_wconf 87' lang='lat' dir='ltr'><strong>iram</strong></span> <span class='ocrx_word' id='word_1_17' title='bbox 2519 825 2876 888; x_wconf 82' lang='lat' dir='ltr'><strong>victoribus</strong></span> <span class='ocrx_word' id='word_1_18' title='bbox 2944 819 2945 842; x_wconf 62' lang='lat'>¹</span> 
     </span>
    </p>
   </div>
   <div class='ocr_carea' id='block_1_3' title="bbox 839 940 2875 1029">
    <p class='ocr_par' dir='ltr' id='par_1_3' title="bbox 839 940 2875 1029">
     <span class='ocr_line' id='line_1_4' title="bbox 839 940 2875 1029; baseline -0.004 -21"><span class='ocrx_word' id='word_1_19' title='bbox 839 948 1176 1029; x_wconf 86' lang='lat' dir='ltr'><strong>perniciem</strong></span> <span class='ocrx_word' id='word_1_20' title='bbox 1212 944 1537 1007; x_wconf 87' lang='lat' dir='ltr'><strong>allaturam</strong></span> <span class='ocrx_word' id='word_1_21' title='bbox 1582 965 1717 1006; x_wconf 83' lang='lat' dir='ltr'><strong>esse.</strong></span> <span class='ocrx_word' id='word_1_22' title='bbox 1756 945 2195 1004; x_wconf 78' lang='lat' dir='ltr'><strong>necesse&#39;erat.</strong></span> <span class='ocrx_word' id='word_1_23' title='bbox 2294 940 2375 1020; x_wconf 80' lang='lat' dir='ltr'><strong>Et</strong></span> <span class='ocrx_word' id='word_1_24' title='bbox 2415 960 2484 1000; x_wconf 90' lang='lat' dir='ltr'><strong>re</strong></span> <span class='ocrx_word' id='word_1_25' title='bbox 2527 960 2682 1001; x_wconf 80' lang='lat' dir='ltr'><strong>vera</strong></span> <span class='ocrx_word' id='word_1_26' title='bbox 2728 960 2875 1019; x_wconf 90' lang='lat' dir='ltr'><strong>per·</strong></span> 
     </span>
    </p>
   </div>
   <div class='ocr_carea' id='block_1_4' title="bbox 841 1049 2945 1244">
    <p class='ocr_par' dir='ltr' id='par_1_4' title="bbox 841 1049 2945 1282">
     <span class='ocr_line' id='line_1_5' title="bbox 841 1049 2945 1137; baseline -0.004 -18"><span class='ocrx_word' id='word_1_27' title='bbox 841 1060 1092 1119; x_wconf 58' lang='lat' dir='ltr'><strong>niciem‘</strong></span> <span class='ocrx_word' id='word_1_28' title='bbox 1122 1059 1364 1137; x_wconf 83' lang='lat' dir='ltr'><strong>attulit3-</strong></span> <span class='ocrx_word' id='word_1_29' title='bbox 1423 1079 1568 1118; x_wconf 88' lang='lat' dir='ltr'><strong>nam</strong></span> <span class='ocrx_word' id='word_1_30' title='bbox 1629 1058 1878 1118; x_wconf 83' lang='lat' dir='ltr'><strong>classem</strong></span> <span class='ocrx_word' id='word_1_31' title='bbox 1932 1055 2311 1117; x_wconf 81' lang='lat' dir='ltr'><strong>Achivorum</strong></span> <span class='ocrx_word' id='word_1_32' title='bbox 2373 1052 2440 1113; x_wconf 89' lang='lat' dir='ltr'><strong>in</strong></span> <span class='ocrx_word' id='word_1_33' title='bbox 2497 1049 2713 1118; x_wconf 87' lang='lat' dir='ltr'><strong>reditu</strong></span> <span class='ocrx_word' id='word_1_34' title='bbox 2781 1052 2875 1111; x_wconf 88' lang='lat' dir='ltr'><strong>in-</strong></span> <span class='ocrx_word' id='word_1_35' title='bbox 2944 1057 2945 1068; x_wconf 60' lang='lat'>¹</span> 
     </span>
     <span class='ocr_line' id='line_1_6' title="bbox 843 1163 2870 1244; baseline -0.003 -17"><span class='ocrx_word' id='word_1_36' title='bbox 843 1168 1082 1228; x_wconf 88' lang='lat' dir='ltr'><strong>teriisse</strong></span> <span class='ocrx_word' id='word_1_37' title='bbox 1126 1167 1367 1228; x_wconf 88' lang='lat' dir='ltr'><strong>fabulae</strong></span> <span class='ocrx_word' id='word_1_38' title='bbox 1409 1177 1685 1232; x_wconf 84' lang='lat' dir='ltr'><strong>narrant.</strong></span> <span class='ocrx_word' id='word_1_39' title='bbox 1770 1166 1866 1225; x_wconf 88' lang='lat' dir='ltr'><strong>At</strong></span> <span class='ocrx_word' id='word_1_40' title='bbox 1902 1184 2107 1226; x_wconf 86' lang='lat' dir='ltr'><strong>nonne</strong></span> <span class='ocrx_word' id='word_1_41' title='bbox 2150 1163 2352 1244; x_wconf 87' lang='lat' dir='ltr'><strong>aptius</strong></span> <span class='ocrx_word' id='word_1_42' title='bbox 2397 1173 2565 1240; x_wconf 87' lang='lat' dir='ltr'><strong>erat,</strong></span> <span class='ocrx_word' id='word_1_43' title='bbox 2622 1174 2870 1240; x_wconf 85' lang='lat' dir='ltr'><strong>tragoe·</strong></span> 
     </span>
    </p>
   </div>
   <div class='ocr_carea' id='block_1_5' title="bbox 769 1273 2945 4323">
    <p class='ocr_par' dir='ltr' id='par_1_5' title="bbox 769 1273 2945 4323">
     <span class='ocr_line' id='line_1_7' title="bbox 846 1273 2945 1358; baseline -0.004 -17"><span class='ocrx_word' id='word_1_44' title='bbox 846 1279 1009 1342; x_wconf 87' lang='lat' dir='ltr'><strong>diam</strong></span> <span class='ocrx_word' id='word_1_45' title='bbox 1074 1277 1390 1346; x_wconf 85' lang='lat' dir='ltr'><strong>claudere</strong></span> <span class='ocrx_word' id='word_1_46' title='bbox 1410 1284 1539 1357; x_wconf 87' lang='lat' dir='ltr'><strong>ejus</strong></span> <span class='ocrx_word' id='word_1_47' title='bbox 1584 1278 1928 1348; x_wconf 80' lang='lat' dir='ltr'><strong>interitus</strong></span> <span class='ocrx_word' id='word_1_48' title='bbox 1958 1274 2371 1358; x_wconf 81' lang='lat' dir='ltr'><strong>descriptione</strong></span> <span class='ocrx_word' id='word_1_49' title='bbox 2390 1320 2409 1354; x_wconf 92' lang='lat'><strong>,</strong></span> <span class='ocrx_word' id='word_1_50' title='bbox 2495 1273 2870 1355; x_wconf 88' lang='lat' dir='ltr'><strong>praesertim</strong></span> <span class='ocrx_word' id='word_1_51' title='bbox 2944 1287 2945 1350; x_wconf 63' lang='lat'>1</span> 
     </span>
     <span class='ocr_line' id='line_1_8' title="bbox 802 1365 2945 1477; baseline -0.004 -23"><span class='ocrx_word' id='word_1_52' title='bbox 802 1442 804 1446; x_wconf 52' lang='grc'>,</span> <span class='ocrx_word' id='word_1_53' title='bbox 847 1414 1041 1475; x_wconf 88' lang='lat' dir='ltr'><strong>quum</strong></span> <span class='ocrx_word' id='word_1_54' title='bbox 1083 1392 1268 1456; x_wconf 86' lang='lat' dir='ltr'><strong>etiam</strong></span> <span class='ocrx_word' id='word_1_55' title='bbox 1310 1386 1354 1477; x_wconf 80' lang='grc' dir='ltr'><em>ἦ</em></span> <span class='ocrx_word' id='word_1_56' title='bbox 1398 1392 1532 1457; x_wconf 76' lang='grc' dir='ltr'><strong>τῶν</strong></span> <span class='ocrx_word' id='word_1_57' title='bbox 1577 1365 2022 1477; x_wconf 69' lang='grc' dir='ltr'><em>παθημάτων</em></span> <span class='ocrx_word' id='word_1_58' title='bbox 2057 1387 2421 1476; x_wconf 73' lang='grc' dir='ltr'><strong><em>κάθαρσις,</em></strong></span> <span class='ocrx_word' id='word_1_59' title='bbox 2487 1385 2673 1469; x_wconf 88' lang='lat' dir='ltr'><strong>quod</strong></span> <span class='ocrx_word' id='word_1_60' title='bbox 2708 1406 2868 1447; x_wconf 90' lang='lat' dir='ltr'><strong>sum-</strong></span> <span class='ocrx_word' id='word_1_61' title='bbox 2944 1373 2945 1434; x_wconf 38' lang='grc' dir='ltr'><strong><em>Ν</em></strong></span> 
     </span>
     <span class='ocr_line' id='line_1_9' title="bbox 848 1499 2865 1584; baseline -0.004 -16"><span class='ocrx_word' id='word_1_62' title='bbox 848 1529 1018 1568; x_wconf 90' lang='lat' dir='ltr'><strong>mum</strong></span> <span class='ocrx_word' id='word_1_63' title='bbox 1082 1518 1176 1567; x_wconf 88' lang='lat' dir='ltr'><strong>est</strong></span> <span class='ocrx_word' id='word_1_64' title='bbox 1234 1503 1587 1583; x_wconf 83' lang='lat' dir='ltr'><strong>tragoediae</strong></span> <span class='ocrx_word' id='word_1_65' title='bbox 1651 1503 1955 1581; x_wconf 87' lang='lat' dir='ltr'><strong>officium,</strong></span> <span class='ocrx_word' id='word_1_66' title='bbox 2020 1500 2086 1564; x_wconf 91' lang='lat' dir='ltr'><strong>id</strong></span> <span class='ocrx_word' id='word_1_67' title='bbox 2150 1502 2468 1584; x_wconf 74' lang='lat' dir='ltr'><strong>requirere</strong></span> <span class='ocrx_word' id='word_1_68' title='bbox 2525 1499 2865 1563; x_wconf 84' lang='lat' dir='ltr'><strong>videretur.</strong></span> 
     </span>
     <span class='ocr_line' id='line_1_10' title="bbox 848 1613 2945 1697; baseline -0.004 -16"><span class='ocrx_word' id='word_1_69' title='bbox 848 1619 1008 1688; x_wconf 80' lang='lat' dir='ltr'><strong>Nam</strong></span> <span class='ocrx_word' id='word_1_70' title='bbox 1051 1620 1416 1692; x_wconf 84' lang='lat' dir='ltr'><strong>miserarum</strong></span> <span class='ocrx_word' id='word_1_71' title='bbox 1446 1615 1774 1679; x_wconf 82' lang='lat' dir='ltr'><strong>Troadum</strong></span> <span class='ocrx_word' id='word_1_72' title='bbox 1815 1618 2102 1692; x_wconf 85' lang='lat' dir='ltr'><strong>fortuna,</strong></span> <span class='ocrx_word' id='word_1_73' title='bbox 2159 1613 2326 1697; x_wconf 80' lang='lat' dir='ltr'><strong>quod</strong></span> <span class='ocrx_word' id='word_1_74' title='bbox 2367 1613 2729 1691; x_wconf 84' lang='lat' dir='ltr'><strong>tragoediae</strong></span> <span class='ocrx_word' id='word_1_75' title='bbox 2769 1634 2858 1673; x_wconf 86' lang='lat' dir='ltr'><strong>ar·</strong></span> <span class='ocrx_word' id='word_1_76' title='bbox 2896 1631 2901 1634; x_wconf 84' lang='lat'>·</span> <span class='ocrx_word' id='word_1_77' title='bbox 2944 1613 2945 1616; x_wconf 66' lang='grc'>’</span> 
     </span>
     <span class='ocr_line' id='line_1_11' title="bbox 852 1725 2862 1813; baseline -0.002 -19"><span class='ocrx_word' id='word_1_78' title='bbox 852 1735 1210 1813; x_wconf 83' lang='lat' dir='ltr'><strong>gumehtum</strong></span> <span class='ocrx_word' id='word_1_79' title='bbox 1250 1743 1361 1807; x_wconf 88' lang='lat' dir='ltr'><strong>est,</strong></span> <span class='ocrx_word' id='word_1_80' title='bbox 1404 1729 1514 1791; x_wconf 88' lang='lat' dir='ltr'><strong>ubi</strong></span> <span class='ocrx_word' id='word_1_81' title='bbox 1556 1752 1593 1792; x_wconf 87' lang='lat' dir='ltr'><strong>a</strong></span> <span class='ocrx_word' id='word_1_82' title='bbox 1635 1729 1805 1792; x_wconf 81' lang='lat' dir='ltr'><strong>duris</strong></span> <span class='ocrx_word' id='word_1_83' title='bbox 1848 1729 2187 1792; x_wconf 83' lang='lat' dir='ltr'><strong>victoribus</strong></span> <span class='ocrx_word' id='word_1_84' title='bbox 2194 1727 2518 1810; x_wconf 57' lang='grc' dir='ltr'><strong>ζαὴιεριειθ</strong></span> <span class='ocrx_word' id='word_1_85' title='bbox 2564 1725 2647 1789; x_wconf 86' lang='lat' dir='ltr'><strong>ad</strong></span> <span class='ocrx_word' id='word_1_86' title='bbox 2686 1748 2862 1790; x_wconf 80' lang='lat' dir='ltr'><strong>naves</strong></span> 
     </span>
     <span class='ocr_line' id='line_1_12' title="bbox 769 1813 2945 1925; baseline -0.004 -16"><span class='ocrx_word' id='word_1_87' title='bbox 769 1881 774 1884; x_wconf 93' lang='lat'>·</span> <span class='ocrx_word' id='word_1_88' title='bbox 850 1846 1273 1922; x_wconf 87' lang='lat' dir='ltr'><strong>deducuntur,</strong></span> <span class='ocrx_word' id='word_1_89' title='bbox 1327 1844 1604 1906; x_wconf 88' lang='lat' dir='ltr'><strong>nondum</strong></span> <span class='ocrx_word' id='word_1_90' title='bbox 1651 1846 1900 1925; x_wconf 87' lang='lat' dir='ltr'><strong>expleta</strong></span> <span class='ocrx_word' id='word_1_91' title='bbox 1943 1865 2054 1905; x_wconf 91' lang='lat' dir='ltr'><strong>nec</strong></span> <span class='ocrx_word' id='word_1_92' title='bbox 2094 1848 2260 1921; x_wconf 77' lang='lat' dir='ltr'><strong>justo</strong></span> <span class='ocrx_word' id='word_1_93' title='bbox 2298 1842 2486 1904; x_wconf 83' lang='lat' dir='ltr'><strong>&#39;modo</strong></span> <span class='ocrx_word' id='word_1_94' title='bbox 2532 1813 2716 1903; x_wconf 72' lang='lat' dir='ltr'><strong>finita</strong></span> <span class='ocrx_word' id='word_1_95' title='bbox 2758 1852 2860 1902; x_wconf 81' lang='lat' dir='ltr'><strong>est.</strong></span> <span class='ocrx_word' id='word_1_96' title='bbox 2944 1859 2945 1900; x_wconf 60' lang='grc' dir='ltr'><strong>ς</strong></span> 
     </span>
     <span class='ocr_line' id='line_1_13' title="bbox 851 1931 2863 2037; baseline -0.002 -16"><span class='ocrx_word' id='word_1_97' title='bbox 851 1931 1131 2037; x_wconf 77' lang='lat' dir='ltr'><strong>Quarum</strong></span> <span class='ocrx_word' id='word_1_98' title='bbox 1191 1969 1392 2019; x_wconf 85' lang='lat' dir='ltr'><strong>morte</strong></span> <span class='ocrx_word' id='word_1_99' title='bbox 1455 1958 1673 2018; x_wconf 87' lang='lat' dir='ltr'><strong>melius</strong></span> <span class='ocrx_word' id='word_1_100' title='bbox 1734 1955 2053 2036; x_wconf 85' lang='lat' dir='ltr'><strong>tragoedia</strong></span> <span class='ocrx_word' id='word_1_101' title='bbox 2095 1955 2298 2018; x_wconf 91' lang='lat' dir='ltr'><strong>claudi</strong></span> <span class='ocrx_word' id='word_1_102' title='bbox 2337 1932 2623 2037; x_wconf 85' lang='lat' dir='ltr'><strong>poterat,</strong></span> <span class='ocrx_word' id='word_1_103' title='bbox 2688 1976 2863 2037; x_wconf 86' lang='lat' dir='ltr'><strong>quam</strong></span> 
     </span>
     <span class='ocr_line' id='line_1_14' title="bbox 852 2073 2862 2155; baseline -0.001 -21"><span class='ocrx_word' id='word_1_104' title='bbox 852 2073 1261 2154; x_wconf 84' lang='lat' dir='ltr'><strong>profectione.</strong></span> <span class='ocrx_word' id='word_1_105' title='bbox 1343 2074 1416 2133; x_wconf 81' lang='lat' dir='ltr'><strong>In</strong></span> <span class='ocrx_word' id='word_1_106' title='bbox 1457 2073 1617 2134; x_wconf 90' lang='lat' dir='ltr'><strong>mari</strong></span> <span class='ocrx_word' id='word_1_107' title='bbox 1658 2079 1944 2152; x_wconf 84' lang='lat' dir='ltr'><strong>mortem,</strong></span> <span class='ocrx_word' id='word_1_108' title='bbox 1984 2094 2171 2155; x_wconf 88' lang='lat' dir='ltr'><strong>quam</strong></span> <span class='ocrx_word' id='word_1_109' title='bbox 2199 2084 2525 2152; x_wconf 77' lang='lat' dir='ltr'><strong>tantopere</strong></span> <span class='ocrx_word' id='word_1_110' title='bbox 2551 2083 2862 2153; x_wconf 84' lang='lat' dir='ltr'><strong>exoptant,</strong></span> 
     </span>
     <span class='ocr_line' id='line_1_15' title="bbox 854 2183 2945 2278; baseline -0 -31"><span class='ocrx_word' id='word_1_111' title='bbox 854 2207 1006 2268; x_wconf 51' lang='lat' dir='ltr'><strong>num¹</strong></span> <span class='ocrx_word' id='word_1_112' title='bbox 1062 2185 1407 2263; x_wconf 85' lang='lat' dir='ltr'><strong>invenient,</strong></span> <span class='ocrx_word' id='word_1_113' title='bbox 1464 2206 1577 2246; x_wconf 91' lang='lat' dir='ltr'><strong>nec</strong></span> <span class='ocrx_word' id='word_1_114' title='bbox 1638 2183 1762 2248; x_wconf 80' lang='lat' dir='ltr'><strong>ne?</strong></span> <span class='ocrx_word' id='word_1_115' title='bbox 1845 2186 2122 2248; x_wconf 86' lang='lat' dir='ltr'><strong>Fortuna</strong></span> <span class='ocrx_word' id='word_1_116' title='bbox 2175 2207 2386 2247; x_wconf 89' lang='lat' dir='ltr'><strong>earum</strong></span> <span class='ocrx_word' id='word_1_117' title='bbox 2443 2207 2597 2247; x_wconf 91' lang='lat' dir='ltr'><strong>num</strong></span> <span class='ocrx_word' id='word_1_118' title='bbox 2649 2186 2864 2248; x_wconf 85' lang='lat' dir='ltr'><strong>sensim</strong></span> <span class='ocrx_word' id='word_1_119' title='bbox 2944 2271 2945 2278; x_wconf 8' lang='grc' dir='ltr'>ἵ</span> 
     </span>
     <span class='ocr_line' id='line_1_16' title="bbox 854 2273 2862 2386; baseline -0.001 -23"><span class='ocrx_word' id='word_1_120' title='bbox 854 2300 1275 2381; x_wconf 84' lang='lat' dir='ltr'><strong>mitigabitur,</strong></span> <span class='ocrx_word' id='word_1_121' title='bbox 1336 2322 1418 2362; x_wconf 88' lang='lat' dir='ltr'><strong>an</strong></span> <span class='ocrx_word' id='word_1_122' title='bbox 1469 2299 1654 2361; x_wconf 87' lang='lat' dir='ltr'><strong>etiam</strong></span> <span class='ocrx_word' id='word_1_123' title='bbox 1716 2299 1934 2386; x_wconf 79' lang='lat' dir='ltr'><strong>durior</strong></span> <span class='ocrx_word' id='word_1_124' title='bbox 1989 2273 2148 2362; x_wconf 72' lang='lat' dir='ltr'><strong>fiet?¹</strong></span> <span class='ocrx_word' id='word_1_125' title='bbox 2243 2299 2353 2362; x_wconf 75' lang='lat' dir='ltr'><strong>Est</strong></span> <span class='ocrx_word' id='word_1_126' title='bbox 2392 2300 2574 2383; x_wconf 84' lang='lat' dir='ltr'><strong>quod</strong></span> <span class='ocrx_word' id='word_1_127' title='bbox 2614 2322 2862 2384; x_wconf 80' lang='lat' dir='ltr'><strong>quaeras</strong></span> 
     </span>
     <span class='ocr_line' id='line_1_17' title="bbox 856 2389 2945 2491; baseline 0 -16"><span class='ocrx_word' id='word_1_128' title='bbox 856 2416 1004 2475; x_wconf 86' lang='lat' dir='ltr'><strong>haec</strong></span> <span class='ocrx_word' id='word_1_129' title='bbox 1045 2414 1113 2476; x_wconf 85' lang='lat' dir='ltr'><strong>in</strong></span> <span class='ocrx_word' id='word_1_130' title='bbox 1152 2412 1275 2478; x_wconf 82' lang='lat' dir='ltr'><strong>fine</strong></span> <span class='ocrx_word' id='word_1_131' title='bbox 1318 2413 1499 2490; x_wconf 78' lang='lat' dir='ltr'><strong>hujus</strong></span> <span class='ocrx_word' id='word_1_132' title='bbox 1563 2412 1937 2491; x_wconf 87' lang='lat' dir='ltr'><strong>tragoediae.</strong></span> <span class='ocrx_word' id='word_1_133' title='bbox 2041 2415 2366 2475; x_wconf 87' lang='lat' dir='ltr'><strong>Praeterea</strong></span> <span class='ocrx_word' id='word_1_134' title='bbox 2421 2412 2500 2475; x_wconf 88' lang='lat' dir='ltr'><strong>ad</strong></span> <span class='ocrx_word' id='word_1_135' title='bbox 2560 2413 2867 2475; x_wconf 85' lang='lat' dir='ltr'><strong>declaran-</strong></span> <span class='ocrx_word' id='word_1_136' title='bbox 2944 2389 2945 2392; x_wconf 8' lang='grc' dir='ltr'><strong>Ἴ</strong></span> 
     </span>
     <span class='ocr_line' id='line_1_18' title="bbox 857 2501 2863 2615; baseline 0 -28"><span class='ocrx_word' id='word_1_137' title='bbox 857 2525 999 2588; x_wconf 87' lang='lat' dir='ltr'><strong>dam</strong></span> <span class='ocrx_word' id='word_1_138' title='bbox 1032 2514 1302 2589; x_wconf 33' lang='lat' dir='ltr'><strong>‘deorum</strong></span> <span class='ocrx_word' id='word_1_139' title='bbox 1340 2525 1498 2615; x_wconf 58' lang='lat' dir='ltr'><strong>itan}</strong></span> <span class='ocrx_word' id='word_1_140' title='bbox 1547 2515 1745 2588; x_wconf 87' lang='lat' dir='ltr'><strong>multo</strong></span> <span class='ocrx_word' id='word_1_141' title='bbox 1806 2526 2054 2605; x_wconf 85' lang='lat' dir='ltr'><strong>gravior</strong></span> <span class='ocrx_word' id='word_1_142' title='bbox 2094 2501 2310 2588; x_wconf 65' lang='lat' dir='ltr'><strong>fuisset</strong></span> <span class='ocrx_word' id='word_1_143' title='bbox 2351 2548 2422 2588; x_wconf 88' lang='lat' dir='ltr'><strong>ea</strong></span> <span class='ocrx_word' id='word_1_144' title='bbox 2473 2512 2672 2605; x_wconf 87' lang='lat' dir='ltr'><strong>ratio,</strong></span> <span class='ocrx_word' id='word_1_145' title='bbox 2716 2547 2863 2609; x_wconf 86' lang='lat' dir='ltr'><strong>quae</strong></span> 
     </span>
     <span class='ocr_line' id='line_1_19' title="bbox 858 2639 2867 2720; baseline -0.001 -17"><span class='ocrx_word' id='word_1_146' title='bbox 858 2639 1182 2705; x_wconf 82' lang='lat' dir='ltr'><strong>interitum</strong></span> <span class='ocrx_word' id='word_1_147' title='bbox 1219 2639 1560 2720; x_wconf 30' lang='lat' dir='ltr'><strong>‘impiorum</strong></span> <span class='ocrx_word' id='word_1_148' title='bbox 1604 2639 1910 2703; x_wconf 73' lang='lat' dir='ltr'><strong>victorum</strong></span> <span class='ocrx_word' id='word_1_149' title='bbox 1951 2639 2396 2720; x_wconf 83' lang='lat' dir='ltr'><strong>spectatoribus</strong></span> <span class='ocrx_word' id='word_1_150' title='bbox 2437 2640 2582 2703; x_wconf 76' lang='lat' dir='ltr'><strong>viva</strong></span> <span class='ocrx_word' id='word_1_151' title='bbox 2609 2641 2867 2720; x_wconf 84' lang='lat' dir='ltr'><strong>imagine</strong></span> 
     </span>
     <span class='ocr_line' id='line_1_20' title="bbox 859 2728 2868 2836; baseline -0.002 -18"><span class='ocrx_word' id='word_1_152' title='bbox 859 2757 943 2818; x_wconf 91' lang='lat' dir='ltr'><strong>ob</strong></span> <span class='ocrx_word' id='word_1_153' title='bbox 986 2755 1152 2836; x_wconf 83' lang='lat' dir='ltr'><strong>ipsos</strong></span> <span class='ocrx_word' id='word_1_154' title='bbox 1195 2728 1404 2817; x_wconf 87' lang='lat' dir='ltr'><strong>oculos</strong></span> <span class='ocrx_word' id='word_1_155' title='bbox 1446 2764 1728 2833; x_wconf 85' lang='lat' dir='ltr'><strong>poneret.</strong></span> <span class='ocrx_word' id='word_1_156' title='bbox 1814 2751 1996 2829; x_wconf 85' lang='lat' dir='ltr'><strong>Quod</strong></span> <span class='ocrx_word' id='word_1_157' title='bbox 2054 2773 2162 2814; x_wconf 89' lang='lat' dir='ltr'><strong>cur</strong></span> <span class='ocrx_word' id='word_1_158' title='bbox 2203 2752 2531 2835; x_wconf 88' lang='lat' dir='ltr'><strong>Euripides</strong></span> <span class='ocrx_word' id='word_1_159' title='bbox 2575 2752 2868 2829; x_wconf 85' lang='lat' dir='ltr'><strong>omiserit,</strong></span> 
     </span>
     <span class='ocr_line' id='line_1_21' title="bbox 862 2862 2871 2952; baseline -0.001 -20"><span class='ocrx_word' id='word_1_160' title='bbox 862 2868 915 2932; x_wconf 84' lang='lat' dir='ltr'><strong>ei</strong></span> <span class='ocrx_word' id='word_1_161' title='bbox 957 2870 1274 2952; x_wconf 83' lang='lat' dir='ltr'><strong>anquiras,</strong></span> <span class='ocrx_word' id='word_1_162' title='bbox 1341 2862 1612 2950; x_wconf 77' lang='lat' dir='ltr'><strong>p‘rimu&#39;m</strong></span> <span class='ocrx_word' id='word_1_163' title='bbox 1650 2866 1997 2940; x_wconf 51' lang='lat' dir='ltr'><strong>¹,difficultas</strong></span> <span class='ocrx_word' id='word_1_164' title='bbox 2055 2869 2150 2929; x_wconf 87' lang='lat' dir='ltr'><strong>rei</strong></span> <span class='ocrx_word' id='word_1_165' title='bbox 2193 2869 2260 2930; x_wconf 94' lang='lat' dir='ltr'><strong>in</strong></span> <span class='ocrx_word' id='word_1_166' title='bbox 2301 2890 2479 2931; x_wconf 86' lang='lat' dir='ltr'><strong>scena</strong></span> <span class='ocrx_word' id='word_1_167' title='bbox 2517 2890 2871 2949; x_wconf 85' lang='lat' dir='ltr'><strong>repraesen-</strong></span> 
     </span>
     <span class='ocr_line' id='line_1_22' title="bbox 862 2979 2869 3064; baseline -0 -22"><span class='ocrx_word' id='word_1_168' title='bbox 862 2979 1084 3042; x_wconf 88' lang='lat' dir='ltr'><strong>tandae</strong></span> <span class='ocrx_word' id='word_1_169' title='bbox 1125 2982 1457 3061; x_wconf 82' lang='lat' dir='ltr'><strong>praecipua</strong></span> <span class='ocrx_word' id='word_1_170' title='bbox 1505 3002 1683 3045; x_wconf 86' lang='lat' dir='ltr'><strong>causa</strong></span> <span class='ocrx_word' id='word_1_171' title='bbox 1724 2981 1912 3043; x_wconf 80' lang='lat' dir='ltr'><strong>fuisse</strong></span> <span class='ocrx_word' id='word_1_172' title='bbox 1940 2980 2269 3045; x_wconf 83' lang='lat' dir='ltr'><strong>videbitur.</strong></span> <span class='ocrx_word' id='word_1_173' title='bbox 2353 2981 2511 3044; x_wconf 85' lang='lat' dir='ltr'><strong>Nam</strong></span> <span class='ocrx_word' id='word_1_174' title='bbox 2543 2982 2661 3064; x_wconf 79' lang='lat' dir='ltr'><strong>etsi</strong></span> <span class='ocrx_word' id='word_1_175' title='bbox 2690 3001 2869 3043; x_wconf 84' lang='lat' dir='ltr'><strong>naves</strong></span> 
     </span>
     <span class='ocr_line' id='line_1_23' title="bbox 861 3087 2873 3185; baseline 0.003 -34"><span class='ocrx_word' id='word_1_176' title='bbox 861 3094 1318 3171; x_wconf 82' lang='lat' dir='ltr'><strong>repraesentari</strong></span> <span class='ocrx_word' id='word_1_177' title='bbox 1375 3104 1684 3171; x_wconf 82' lang='lat' dir='ltr'><strong>poterant·</strong></span> <span class='ocrx_word' id='word_1_178' title='bbox 1730 3094 1887 3185; x_wconf 77' lang='lat' dir='ltr'><strong>mari</strong></span> <span class='ocrx_word' id='word_1_179' title='bbox 1950 3087 2188 3171; x_wconf 80' lang='lat' dir='ltr'><strong>vectae,</strong></span> <span class='ocrx_word' id='word_1_180' title='bbox 2251 3107 2322 3157; x_wconf 92' lang='lat' dir='ltr'><strong>ut</strong></span> <span class='ocrx_word' id='word_1_181' title='bbox 2383 3095 2571 3159; x_wconf 83' lang='lat' dir='ltr'><strong>fiebat</strong></span> <span class='ocrx_word' id='word_1_182' title='bbox 2626 3096 2690 3158; x_wconf 91' lang='lat' dir='ltr'><strong>in</strong></span> <span class='ocrx_word' id='word_1_183' title='bbox 2757 3096 2873 3158; x_wconf 85' lang='lat' dir='ltr'><strong>fine</strong></span> 
     </span>
     <span class='ocr_line' id='line_1_24' title="bbox 864 3207 2874 3291; baseline 0 -23"><span class='ocrx_word' id='word_1_184' title='bbox 864 3209 1118 3268; x_wconf 75' lang='lat' dir='ltr'><strong>Helenae</strong></span> <span class='ocrx_word' id='word_1_185' title='bbox 1157 3217 1220 3265; x_wconf 87' lang='lat' dir='ltr'><strong>et</strong></span> <span class='ocrx_word' id='word_1_186' title='bbox 1257 3208 1577 3291; x_wconf 65' lang='lat' dir='ltr'><strong>Iphigeniae</strong></span> <span class='ocrx_word' id='word_1_187' title='bbox 1637 3207 1944 3286; x_wconf 78' lang='lat' dir='ltr'><strong>Tauricae,</strong></span> <span class='ocrx_word' id='word_1_188' title='bbox 1999 3217 2203 3271; x_wconf 85' lang='lat' dir='ltr'><strong>tamen</strong></span> <span class='ocrx_word' id='word_1_189' title='bbox 2267 3208 2332 3270; x_wconf 80' lang='lat' dir='ltr'><strong>in</strong></span> <span class='ocrx_word' id='word_1_190' title='bbox 2399 3210 2513 3272; x_wconf 80' lang='lat' dir='ltr'><strong>hac</strong></span> <span class='ocrx_word' id='word_1_191' title='bbox 2566 3207 2874 3288; x_wconf 82' lang='lat' dir='ltr'><strong>tragoedia</strong></span> 
     </span>
     <span class='ocr_line' id='line_1_25' title="bbox 866 3316 2874 3399; baseline 0.001 -20"><span class='ocrx_word' id='word_1_192' title='bbox 866 3329 999 3380; x_wconf 90' lang='lat' dir='ltr'><strong>tota</strong></span> <span class='ocrx_word' id='word_1_193' title='bbox 1023 3375 1028 3379; x_wconf 87' lang='grc'><em>,</em></span> <span class='ocrx_word' id='word_1_194' title='bbox 1055 3316 1280 3380; x_wconf 81' lang='lat' dir='ltr'><strong>classis·</strong></span> <span class='ocrx_word' id='word_1_195' title='bbox 1313 3316 1831 3397; x_wconf 85' lang='lat' dir='ltr'><strong>repraesentanda</strong></span> <span class='ocrx_word' id='word_1_196' title='bbox 1895 3332 2029 3382; x_wconf 87' lang='lat' dir='ltr'><strong>erat</strong></span> <span class='ocrx_word' id='word_1_197' title='bbox 2104 3320 2356 3386; x_wconf 87' lang='lat' dir='ltr'><strong>turbido</strong></span> <span class='ocrx_word' id='word_1_198' title='bbox 2419 3323 2576 3384; x_wconf 87' lang='lat' dir='ltr'><strong>mari</strong></span> <span class='ocrx_word' id='word_1_199' title='bbox 2641 3328 2874 3399; x_wconf 85' lang='lat' dir='ltr'><strong>jactata,</strong></span> 
     </span>
     <span class='ocr_line' id='line_1_26' title="bbox 775 3429 2877 3516; baseline 0.003 -24"><span class='ocrx_word' id='word_1_200' title='bbox 775 3502 780 3509; x_wconf 58' lang='lat'><strong>‚,</strong></span> <span class='ocrx_word' id='word_1_201' title='bbox 867 3453 979 3495; x_wconf 91' lang='lat' dir='ltr'><strong>nec</strong></span> <span class='ocrx_word' id='word_1_202' title='bbox 1020 3432 1347 3515; x_wconf 72' lang='lat' dir='ltr'><strong>quisqu-am</strong></span> <span class='ocrx_word' id='word_1_203' title='bbox 1386 3429 1626 3510; x_wconf 85' lang='lat' dir='ltr'><strong>aderat,</strong></span> <span class='ocrx_word' id='word_1_204' title='bbox 1686 3433 1796 3514; x_wconf 85' lang='lat' dir='ltr'><strong>qui</strong></span> <span class='ocrx_word' id='word_1_205' title='bbox 1861 3434 1925 3495; x_wconf 90' lang='lat' dir='ltr'><strong>in</strong></span> <span class='ocrx_word' id='word_1_206' title='bbox 1977 3438 2300 3516; x_wconf 86' lang='lat' dir='ltr'><strong>proscenio</strong></span> <span class='ocrx_word' id='word_1_207' title='bbox 2362 3437 2697 3500; x_wconf 82' lang='lat' dir='ltr'><strong>consistens</strong></span> <span class='ocrx_word' id='word_1_208' title='bbox 2748 3452 2877 3498; x_wconf 85' lang='lat' dir='ltr'><strong>rem</strong></span> 
     </span>
     <span class='ocr_line' id='line_1_27' title="bbox 867 3546 2878 3626; baseline 0.002 -19"><span class='ocrx_word' id='word_1_209' title='bbox 867 3547 1087 3624; x_wconf 83' lang='lat' dir='ltr'><strong>procul</strong></span> <span class='ocrx_word' id='word_1_210' title='bbox 1130 3557 1517 3626; x_wconf 86' lang='lat' dir='ltr'><strong>conspectam</strong></span> <span class='ocrx_word' id='word_1_211' title='bbox 1557 3546 1763 3610; x_wconf 84' lang='lat' dir='ltr'><strong>verbis</strong></span> <span class='ocrx_word' id='word_1_212' title='bbox 1805 3547 1930 3610; x_wconf 85' lang='lat' dir='ltr'><strong>suis</strong></span> <span class='ocrx_word' id='word_1_213' title='bbox 1986 3549 2346 3611; x_wconf 79' lang='lat' dir='ltr'><strong>illustraret.</strong></span> <span class='ocrx_word' id='word_1_214' title='bbox 2439 3550 2684 3612; x_wconf 87' lang='lat' dir='ltr'><strong>Deinde</strong></span> <span class='ocrx_word' id='word_1_215' title='bbox 2729 3572 2878 3613; x_wconf 83' lang='lat' dir='ltr'><strong>vero</strong></span> 
     </span>
     <span class='ocr_line' id='line_1_28' title="bbox 872 3654 2877 3740; baseline 0.004 -25"><span class='ocrx_word' id='word_1_216' title='bbox 872 3654 1054 3715; x_wconf 82' lang='lat' dir='ltr'><strong>etiam</strong></span> <span class='ocrx_word' id='word_1_217' title='bbox 1109 3661 1303 3723; x_wconf 82' lang='lat' dir='ltr'><strong>altera</strong></span> <span class='ocrx_word' id='word_1_218' title='bbox 1360 3680 1537 3721; x_wconf 85' lang='lat' dir='ltr'><strong>causa</strong></span> <span class='ocrx_word' id='word_1_219' title='bbox 1594 3654 1880 3740; x_wconf 86' lang='lat' dir='ltr'><strong>Euripidi</strong></span> <span class='ocrx_word' id='word_1_220' title='bbox 1934 3661 2120 3724; x_wconf 83' lang='lat' dir='ltr'><strong>fuisse</strong></span> <span class='ocrx_word' id='word_1_221' title='bbox 2177 3661 2430 3725; x_wconf 85' lang='lat' dir='ltr'><strong>videtur</strong></span> <span class='ocrx_word' id='word_1_222' title='bbox 2485 3668 2612 3740; x_wconf 80' lang='lat' dir='ltr'><strong>ejus</strong></span> <span class='ocrx_word' id='word_1_223' title='bbox 2674 3665 2877 3724; x_wconf 80' lang='lat' dir='ltr'><strong>exitus</strong></span> 
     </span>
     <span class='ocr_line' id='line_1_29' title="bbox 868 3767 2880 3853; baseline 0.005 -23"><span class='ocrx_word' id='word_1_224' title='bbox 868 3770 1219 3847; x_wconf 73' lang='lat' dir='ltr'><strong>tragoediae</strong></span> <span class='ocrx_word' id='word_1_225' title='bbox 1244 3771 1528 3838; x_wconf 74' lang='lat' dir='ltr'><strong>faciendi.</strong></span> <span class='ocrx_word' id='word_1_226' title='bbox 1612 3772 1923 3853; x_wconf 85' lang='lat' dir='ltr'><strong>Nimiruui</strong></span> <span class='ocrx_word' id='word_1_227' title='bbox 1975 3776 2352 3839; x_wconf 86' lang='lat' dir='ltr'><strong>acerbior</strong></span> <span class='ocrx_word' id='word_1_228' title='bbox 2396 3775 2645 3839; x_wconf 83' lang='lat' dir='ltr'><strong>videtur</strong></span> <span class='ocrx_word' id='word_1_229' title='bbox 2686 3767 2880 3840; x_wconf 62' lang='lat' dir='ltr'><strong>Troa-</strong></span> 
     </span>
     <span class='ocr_line' id='line_1_30' title="bbox 872 3880 2881 3972; baseline 0.003 -25"><span class='ocrx_word' id='word_1_230' title='bbox 872 3880 1032 3949; x_wconf 85' lang='lat' dir='ltr'><strong>dum</strong></span> <span class='ocrx_word' id='word_1_231' title='bbox 1057 3882 1305 3947; x_wconf 76' lang='lat' dir='ltr'><strong>fortuna</strong></span> <span class='ocrx_word' id='word_1_232' title='bbox 1346 3898 1412 3947; x_wconf 83' lang='lat' dir='ltr'><strong>et</strong></span> <span class='ocrx_word' id='word_1_233' title='bbox 1453 3885 1780 3953; x_wconf 82' lang='lat' dir='ltr'><strong>crudelitas</strong></span> <span class='ocrx_word' id='word_1_234' title='bbox 1821 3889 2150 3966; x_wconf 83' lang='lat' dir='ltr'><strong>victoriae,</strong></span> <span class='ocrx_word' id='word_1_235' title='bbox 2211 3891 2265 3953; x_wconf 87' lang='lat' dir='ltr'><strong>si</strong></span> <span class='ocrx_word' id='word_1_236' title='bbox 2318 3891 2462 3953; x_wconf 86' lang='lat' dir='ltr'><strong>illae</strong></span> <span class='ocrx_word' id='word_1_237' title='bbox 2509 3891 2881 3972; x_wconf 81' lang='lat' dir='ltr'><strong>captivitatis</strong></span> 
     </span>
     <span class='ocr_line' id='line_1_31' title="bbox 874 3993 2882 4088; baseline 0.004 -31"><span class='ocrx_word' id='word_1_238' title='bbox 874 3993 1225 4067; x_wconf 80' lang='lat' dir='ltr'><strong>conditione</strong></span> <span class='ocrx_word' id='word_1_239' title='bbox 1267 3996 1643 4063; x_wconf 85' lang='lat' dir='ltr'><strong>miserrimae</strong></span> <span class='ocrx_word' id='word_1_240' title='bbox 1685 3999 1766 4063; x_wconf 88' lang='lat' dir='ltr'><strong>ad</strong></span> <span class='ocrx_word' id='word_1_241' title='bbox 1805 4003 2197 4088; x_wconf 82' lang='lat' dir='ltr'><strong>servitutem</strong></span> <span class='ocrx_word' id='word_1_242' title='bbox 2207 4004 2627 4083; x_wconf 86' lang='lat' dir='ltr'><strong>abripiuntur,</strong></span> <span class='ocrx_word' id='word_1_243' title='bbox 2672 4009 2882 4081; x_wconf 85' lang='lat' dir='ltr'><strong>cujus</strong></span> 
     </span>
     <span class='ocr_line' id='line_1_32' title="bbox 877 4104 2886 4199; baseline 0.005 -29"><span class='ocrx_word' id='word_1_244' title='bbox 877 4109 1058 4187; x_wconf 69' lang='lat' dir='ltr'><strong>{inis</strong></span> <span class='ocrx_word' id='word_1_245' title='bbox 1100 4104 1469 4195; x_wconf 79' lang='lat' dir='ltr'><strong>incertus</strong></span> <span class='ocrx_word' id='word_1_246' title='bbox 1512 4124 1655 4175; x_wconf 85' lang='lat' dir='ltr'><strong>est.</strong></span> <span class='ocrx_word' id='word_1_247' title='bbox 1752 4115 1922 4191; x_wconf 86' lang='lat' dir='ltr'><strong>Quae</strong></span> <span class='ocrx_word' id='word_1_248' title='bbox 1964 4117 2017 4178; x_wconf 90' lang='lat' dir='ltr'><strong>si</strong></span> <span class='ocrx_word' id='word_1_249' title='bbox 2062 4141 2204 4183; x_wconf 81' lang='lat' dir='ltr'><strong>vere</strong></span> <span class='ocrx_word' id='word_1_250' title='bbox 2250 4120 2370 4181; x_wconf 84' lang='lat' dir='ltr'><strong>fuit</strong></span> <span class='ocrx_word' id='word_1_251' title='bbox 2419 4140 2590 4180; x_wconf 82' lang='lat' dir='ltr'><strong>mens</strong></span> <span class='ocrx_word' id='word_1_252' title='bbox 2633 4119 2886 4199; x_wconf 83' lang='lat' dir='ltr'><strong>Euripi-</strong></span> 
     </span>
     <span class='ocr_line' id='line_1_33' title="bbox 877 4223 2886 4323; baseline 0.001 -32"><span class='ocrx_word' id='word_1_253' title='bbox 877 4223 988 4299; x_wconf 63' lang='grc'><strong>618,</strong></span> <span class='ocrx_word' id='word_1_254' title='bbox 1028 4237 1193 4289; x_wconf 84' lang='lat' dir='ltr'><strong>recte</strong></span> <span class='ocrx_word' id='word_1_255' title='bbox 1236 4227 1389 4288; x_wconf 81' lang='lat' dir='ltr'><strong>hanc</strong></span> <span class='ocrx_word' id='word_1_256' title='bbox 1432 4228 1699 4292; x_wconf 83' lang='lat' dir='ltr'><strong>fabulam</strong></span> <span class='ocrx_word' id='word_1_257' title='bbox 1743 4231 2050 4323; x_wconf 62' lang='lat' dir='ltr'><strong>imtituitg,</strong></span> <span class='ocrx_word' id='word_1_258' title='bbox 2105 4237 2199 4298; x_wconf 84' lang='lat' dir='ltr'><strong>sin</strong></span> <span class='ocrx_word' id='word_1_259' title='bbox 2262 4247 2464 4297; x_wconf 82' lang='lat' dir='ltr'><strong>autem</strong></span> <span class='ocrx_word' id='word_1_260' title='bbox 2526 4232 2699 4295; x_wconf 84' lang='lat' dir='ltr'><strong>aliud</strong></span> <span class='ocrx_word' id='word_1_261' title='bbox 2760 4237 2886 4310; x_wconf 82' lang='lat' dir='ltr'><strong>ejus</strong></span> 
     </span>
    </p>
   </div>
   <div class='ocr_carea' id='block_1_6' title="bbox 2939 1781 2950 2366">
    <p class='ocr_par' dir='ltr' id='par_1_6' title="bbox 2939 1781 2950 2366">
     <span class='ocr_line' id='line_1_34' title="bbox 2939 1781 2950 2366; baseline 0 0"><span class='ocrx_word' id='word_1_262' title='bbox 2939 1781 2950 2366; x_wconf 95' lang='lat' dir='ltr'><strong> </strong></span> 
     </span>
    </p>
   </div>
  </div>
 </body>
</html>
