3080 5242
866 803 1039 889 quod
1085 804 1335 885 Graeci,
1383 805 1641 887 Nauplii
1685 804 1831 867 dolo
1885 802 2156 884 decepti,
2218 800 2296 863 ad
2354 795 2703 881 capharea
2775 818 2921 859 saxa,

866 920 1174 998 fecerunt,
1219 919 1580 998 ostendunt,
1619 917 1725 980 sed
1751 916 1829 978 ad
1870 913 2199 978 secundam
2227 901 2614 993 tragoediam
2647 912 2761 973 ibi
2798 931 2913 971 non

864 1036 1242 1095 referuntur.
1326 1032 1509 1110 Quod
1555 1044 1661 1093 aut
1704 1030 1842 1091 fieri
1889 1028 2149 1091 debebat
2165 1073 2182 1105 ,
2241 1040 2347 1088 aut
2403 1047 2608 1088 nexus
2659 1026 2910 1086 fabula·

865 1168 1005 1207 rum
1057 1147 1309 1209 omnino
1365 1148 1617 1209 latebat.
1678 1143 1922 1227 ¹Neque
1987 1144 2152 1204 enim
2195 1142 2536 1223 Nauplius,
2594 1139 2903 1223 quemad-

866 1258 1119 1322 modum
1166 1259 1514 1336 Schoellius
1552 1260 1874 1340 opinatur,
1918 1258 1986 1318 in
2020 1257 2144 1317 fine
2179 1256 2499 1337 proximae
2528 1253 2922 1334 tragoediae,

867 1372 1082 1434 dolum
1123 1394 1300 1436 suum
1339 1386 1401 1436 et
1429 1374 1819 1455 Caphareum
1843 1371 2232 1452 naufragium
2257 1368 2605 1451 praedixit,
2657 1370 2891 1450 quippe
2920 1377 2921 1420 ¹

866 1486 977 1567 qui
1018 1498 1448 1567 tempestatem
1491 1487 1764 1548 futuram
1807 1484 2166 1564 praevidere
2220 1504 2346 1545 non
2400 1496 2638 1564 posset.
2733 1481 2921 1558 Quin&

863 1600 1054 1661 immo
1112 1602 1447 1662 verisimile
1505 1622 1631 1663 non
1684 1613 1809 1680 est,
1869 1601 2208 1681 Nauplium
2260 1599 2326 1659 in
2366 1596 2722 1659 Palamedis
2773 1609 2886 1657 tra-

866 1711 1085 1791 goedia
1139 1715 1345 1793 ipsum
1404 1699 1776 1793 productum
1826 1733 1955 1774 esse
1985 1712 2096 1797 4⁰).
2137 1743 2226 1759 —
2284 1712 2503 1794 Neque
2561 1708 2884 1772 referenda

870 1838 1015 1888 sunt
1058 1825 1133 1888 ad
1159 1824 1484 1887 secundam
1516 1823 1921 1904 tragoediam,
1966 1847 2123 1907 quae
2146 1810 2483 1886 Cassandra
2509 1846 2570 1885 v.
2590 1827 2729 1887 427
2759 1845 2882 1906 sqq.
2920 1827 2921 1906 ζ

869 1942 1034 2002 canit
1076 1939 1151 2002 d'e
1194 1941 1400 2003 Ulixis
1445 1940 1891 2002 calamitatibus
1935 1941 2163 2002 futuris
2204 1940 2301 2001 his
2343 1939 2584 2016 verbis3

1037 2076 1121 2150 σύ
1166 2075 1589 2167 (Tul-Hostes)
1625 2078 1751 2167 τήν
1782 2077 1954 2165 ἐμήν
1984 2075 2117 2166 φῄς
2151 2075 2378 2167 μητέρ’
2407 2073 2875 2154 εἰςὈὸυσσὲως

1040 2192 1222 2279 ἥξειν
1270 2195 1622 2279 ,ιιέλαθρας
1668 2196 1803 2262 ποῦ
1845 2189 1906 2259 δ’
1949 2187 2375 2266 ’Λπόλλωνος
2421 2188 2645 2279 λόγοι,

1036 2313 1113 2373 οἵ
1153 2331 1357 2392 φασιν
1402 2298 1617 2392 αὐτὴν
1660 2310 1758 2382 εἷς
1799 2301 1903 2390 ἔμ’
1943 2299 2441 2391 ἡρμηνευμένοι
2920 2311 2921 2318 ’

1042 2417 1254 2488 αὐτοῦ
1300 2427 1703 2501 θανεῖσθαις
1759 2418 1969 2487 τᾶλλα
2013 2414 2073 2487 δ’
2117 2415 2233 2488 οὐκ
2278 2415 2560 2488 ὀνειδιῶ.

923 2565 933 2576 ·
1043 2528 1576 2618 ‹mammos-go&
1622 2530 1749 2599 οἶδ’
1793 2529 1902 2599 οἷά
1945 2557 2056 2599 νιν
2098 2534 2290 2617 μένει
2332 2542 2610 2601 παθεῖν.
2920 2613 2921 2657 1

866 2676 1073 2740 Ulixis
1123 2670 1445 2737 aerumnas
1503 2671 1843 2734 Cassandra
1904 2692 2031 2733 non
2092 2672 2171 2734 ad
2229 2679 2358 2751 ejus
2419 2675 2871 2768 improbitatem

866 2792 1061 2869 refert
1102 2803 1395 2873 tanquam
1439 2808 1698 2870 poenas,
1742 2786 1850 2851 sed
1894 2802 2209 2870 comparat
2234 2789 2440 2853 Ulixis
2468 2802 2700 2853 sortem
2743 2814 2869 2854 cum

867 2917 1033 2966 sorte
1075 2906 1396 2984 Hecubae,
1470 2926 1627 2987 quae
1686 2926 1862 2967 serva
1915 2907 2011 2966 illi
2058 2907 2370 2985 obtigerit.
2457 2907 2707 2969 Ulixem
2750 2928 2866 2970 non

865 3021 1220 3100 improbum
1259 3033 1471 3098 vocat,
1528 3018 1634 3081 sed
1681 3020 2004 3098 miserum,
2069 3014 2424 3106 δύστηνον.
2507 3024 2712 3106 Atque
2768 3024 2865 3085 illa

866 3132 1135 3194 intexuit
1176 3130 1532 3211 Euripides,
1577 3132 1722 3212 quia
1763 3133 2015 3193 omnino
2061 3144 2289 3194 sortem
2322 3133 2696 3198 Achivorum
2720 3158 2865 3198 cum

867 3256 1033 3308 sorte
1074 3247 1483 3323 Troianorum
1528 3259 1865 3326 comparat.

1035 3418 1117 3480 At
1161 3416 1503 3479 Schoellius
1560 3439 1625 3500 p.
1647 3420 1753 3480 47.
1813 3416 1932 3480 ait:
2018 3423 2148 3483 Das
2201 3424 2529 3484 Mittelstiick
2584 3428 2861 3488 εηίωίσΙιεΙι

866 3535 955 3595 die
994 3535 1204 3613 Arglist
1246 3537 1436 3597 dassen
1450 3581 1470 3612 ,
1529 3536 1634 3596 der
1687 3537 1838 3597 auch
1874 3559 1946 3597 zu
1985 3537 2147 3599 Ende
2189 3538 2286 3597 des
2332 3539 2562 3614 Krieges
2603 3561 2695 3600 am
2739 3549 2858 3604 mei-

861 3659 977 3710 stm
1027 3650 1118 3710 die
1156 3652 1399 3711 Streiche
1454 3651 1554 3709 des
1593 3651 1933 3731 Venderbens
1980 3648 2168 3710 lenkte.
2266 3645 2440 3723 Quae
2496 3650 2644 3711 mihi
2701 3655 2855 3716 ratio

865 3759 1192 3822 admodum
1258 3775 1543 3824 contorta
1598 3761 1865 3825 videtur.
1977 3762 2139 3838 Quid
2207 3761 2420 3825 enim?
2527 3766 2853 3831 Palamedis

864 3873 1237 3954 tragoediam
1298 3897 1446 3938 num
1494 3898 1569 3939 eo
1628 3879 1881 3940 consilio
1940 3879 2231 3958 scriptam
2288 3891 2349 3939 et
2392 3880 2558 3940 inter
2600 3883 2851 3961 primam

865 4003 927 4052 et
971 4001 1308 4051 extremam
1349 3991 1778 4072 interpositam
1820 4015 1948 4056 esse
1992 3992 2293 4070 dicemus,
2360 4005 2431 4054 ut
2492 3995 2545 4054 is
2585 3997 2678 4057 vir
2716 4017 2850 4077 cog-

864 4118 1252 4180 nosceretur,
1297 4104 1406 4187 qui
1449 4118 1663 4184 postea
1704 4106 1770 4166 in
1794 4109 2043 4168 miseras
2061 4105 2333 4168 Troades
2352 4106 2608 4170 saeviit?
2664 4112 2848 4172 Immo

961 4350 1053 4413 4⁰)
1091 4348 1256 4420 Negat
1289 4349 1444 4403 etiam
1481 4346 1810 4403 Welckerus.
1849 4348 2037 4422 Suppl.
2072 4351 2208 4407 Mus.
2244 4351 2340 4405 Rh.
2365 4355 2538 4416 2,510.
