<?xml version="1.0" encoding="UTF-8"?>
<!DOCTYPE html PUBLIC "-//W3C//DTD XHTML 1.0 Transitional//EN"
    "http://www.w3.org/TR/xhtml1/DTD/xhtml1-transitional.dtd">
<html xmlns="http://www.w3.org/1999/xhtml" xml:lang="en" lang="en">
 <head>
  <title>
</title>
<meta http-equiv="Content-Type" content="text/html;charset=utf-8" />
  <meta name='ocr-system' content='tesseract 3.04.00' />
  <meta name='ocr-capabilities' content='ocr_page ocr_carea ocr_par ocr_line ocrx_word'/>
</head>
<body>
  <div class='ocr_page' id='page_1' title='image "./deeuripidistroi00plangoog_0013.png"; bbox 0 0 3080 5242; ppageno 0'>
   <div class='ocr_carea' id='block_1_1' title="bbox 1029 642 1411 706">
    <p class='ocr_par' dir='ltr' id='par_1_1' title="bbox 1029 642 1411 706">
     <span class='ocr_line' id='line_1_1' title="bbox 1029 642 1411 706; baseline 0 -20"><span class='ocrx_word' id='word_1_1' title='bbox 1029 642 1411 706; x_wconf 67' lang='lat'>...5-</span> 
     </span>
    </p>
   </div>
   <div class='ocr_carea' id='block_1_2' title="bbox 150 776 2226 3922">
    <p class='ocr_par' dir='ltr' id='par_1_2' title="bbox 150 776 2226 3922">
     <span class='ocr_line' id='line_1_2' title="bbox 210 776 2218 893; baseline 0.004 -25"><span class='ocrx_word' id='word_1_2' title='bbox 210 801 450 880; x_wconf 69' lang='grc' dir='ltr'><strong><em>πιάδα,</em></strong></span> <span class='ocrx_word' id='word_1_3' title='bbox 501 776 663 882; x_wconf 61' lang='lat'>..:.,</span> <span class='ocrx_word' id='word_1_4' title='bbox 719 805 1262 892; x_wconf 70' lang='grc' dir='ltr'><strong><em>ἀντηγωνίσαντο</em></strong></span> <span class='ocrx_word' id='word_1_5' title='bbox 1348 801 1659 893; x_wconf 72' lang='grc' dir='ltr'><strong><em>ἀλλήλοις</em></strong></span> <span class='ocrx_word' id='word_1_6' title='bbox 1721 804 2054 892; x_wconf 78' lang='grc' dir='ltr'><strong><em>Ξενοκλῆς</em></strong></span> <span class='ocrx_word' id='word_1_7' title='bbox 2113 810 2218 876; x_wconf 75' lang='grc' dir='ltr'>καὶ</span> 
     </span>
     <span class='ocr_line' id='line_1_3' title="bbox 206 911 2220 1005; baseline 0.002 -25"><span class='ocrx_word' id='word_1_8' title='bbox 206 911 610 1000; x_wconf 76' lang='grc' dir='ltr'><strong><em>Εὐριπίδης·</em></strong></span> <span class='ocrx_word' id='word_1_9' title='bbox 653 916 763 983; x_wconf 75' lang='grc' dir='ltr'>καὶ</span> <span class='ocrx_word' id='word_1_10' title='bbox 811 915 1067 1002; x_wconf 77' lang='grc' dir='ltr'><strong><em>πρῶτός</em></strong></span> <span class='ocrx_word' id='word_1_11' title='bbox 1124 944 1201 1004; x_wconf 77' lang='grc' dir='ltr'>γε</span> <span class='ocrx_word' id='word_1_12' title='bbox 1246 911 1333 1004; x_wconf 82' lang='grc' dir='ltr'><strong><em>ἦν</em></strong></span> <span class='ocrx_word' id='word_1_13' title='bbox 1374 915 1740 1005; x_wconf 80' lang='grc' dir='ltr'><strong><em>Ξενοκλῆς,</em></strong></span> <span class='ocrx_word' id='word_1_14' title='bbox 1791 965 1807 981; x_wconf 93' lang='grc'><strong>.</strong></span> <span class='ocrx_word' id='word_1_15' title='bbox 1836 964 1851 983; x_wconf 95' lang='grc'><strong>.</strong></span> <span class='ocrx_word' id='word_1_16' title='bbox 1880 964 1895 980; x_wconf 93' lang='grc'><strong>.</strong></span> <span class='ocrx_word' id='word_1_17' title='bbox 1926 963 1980 996; x_wconf 91' lang='grc'>.,</span> <span class='ocrx_word' id='word_1_18' title='bbox 2029 919 2220 986; x_wconf 83' lang='grc' dir='ltr'><strong><em>Οἰδί-</em></strong></span> 
     </span>
     <span class='ocr_line' id='line_1_4' title="bbox 207 1023 2217 1119; baseline 0.002 -27"><span class='ocrx_word' id='word_1_19' title='bbox 207 1027 364 1094; x_wconf 81' lang='grc' dir='ltr'><strong><em>ποδι</em></strong></span> <span class='ocrx_word' id='word_1_20' title='bbox 402 1029 529 1094; x_wconf 56' lang='grc' dir='ltr'>’καὶ</span> <span class='ocrx_word' id='word_1_21' title='bbox 574 1023 881 1097; x_wconf 82' lang='grc' dir='ltr'><strong><em>Λυκοῖονι</em></strong></span> <span class='ocrx_word' id='word_1_22' title='bbox 925 1031 1033 1096; x_wconf 75' lang='grc' dir='ltr'>καὶ</span> <span class='ocrx_word' id='word_1_23' title='bbox 1088 1023 1396 1119; x_wconf 75' lang='grc' dir='ltr'><strong><em>Βάκχαις</em></strong></span> <span class='ocrx_word' id='word_1_24' title='bbox 1456 1033 1567 1099; x_wconf 82' lang='grc' dir='ltr'>καὶ</span> <span class='ocrx_word' id='word_1_25' title='bbox 1610 1026 2010 1116; x_wconf 73' lang='grc' dir='ltr'>Ἀθάμαντι</span> <span class='ocrx_word' id='word_1_26' title='bbox 2080 1032 2217 1096; x_wconf 78' lang='grc' dir='ltr'>Σα-</span> 
     </span>
     <span class='ocr_line' id='line_1_5' title="bbox 207 1135 2219 1229; baseline 0.001 -25"><span class='ocrx_word' id='word_1_27' title='bbox 207 1140 482 1225; x_wconf 80' lang='grc' dir='ltr'><strong><em>τυρικῷ·</em></strong></span> <span class='ocrx_word' id='word_1_28' title='bbox 551 1135 798 1208; x_wconf 73' lang='grc' dir='ltr'><strong><em>τούτου</em></strong></span> <span class='ocrx_word' id='word_1_29' title='bbox 860 1139 1162 1227; x_wconf 76' lang='grc' dir='ltr'><strong><em>δεύτερος</em></strong></span> <span class='ocrx_word' id='word_1_30' title='bbox 1220 1140 1601 1228; x_wconf 77' lang='grc' dir='ltr'><strong><em>Εὐριπίδης</em></strong></span> <span class='ocrx_word' id='word_1_31' title='bbox 1662 1136 1760 1226; x_wconf 78' lang='grc' dir='ltr'><strong><em>ἦν</em></strong></span> <span class='ocrx_word' id='word_1_32' title='bbox 1806 1136 2219 1229; x_wconf 70' lang='grc' dir='ltr'><strong><em>Ἀλεξάνδρῳ</em></strong></span> 
     </span>
     <span class='ocr_line' id='line_1_6' title="bbox 206 1243 2218 1342; baseline 0.002 -27"><span class='ocrx_word' id='word_1_33' title='bbox 206 1252 315 1315; x_wconf 82' lang='grc' dir='ltr'>καὶ</span> <span class='ocrx_word' id='word_1_34' title='bbox 382 1243 769 1338; x_wconf 72' lang='grc' dir='ltr'><strong><em>Παλαμὴδῃ</em></strong></span> <span class='ocrx_word' id='word_1_35' title='bbox 828 1253 942 1320; x_wconf 81' lang='grc' dir='ltr'>καὶ</span> <span class='ocrx_word' id='word_1_36' title='bbox 1015 1253 1271 1342; x_wconf 75' lang='grc' dir='ltr'><strong><em>Τρῳάσι</em></strong></span> <span class='ocrx_word' id='word_1_37' title='bbox 1326 1256 1436 1322; x_wconf 74' lang='grc' dir='ltr'>καὶ</span> <span class='ocrx_word' id='word_1_38' title='bbox 1490 1250 1776 1340; x_wconf 60' lang='grc' dir='ltr'><strong><em>Σισύφῳ</em></strong></span> <span class='ocrx_word' id='word_1_39' title='bbox 1857 1257 2218 1342; x_wconf 79' lang='grc' dir='ltr'><strong><em>Σατυρικῳ.</em></strong></span> 
     </span>
     <span class='ocr_line' id='line_1_7' title="bbox 204 1363 2218 1446; baseline 0.002 -25"><span class='ocrx_word' id='word_1_40' title='bbox 204 1363 288 1422; x_wconf 90' lang='lat' dir='ltr'>At</span> <span class='ocrx_word' id='word_1_41' title='bbox 332 1382 452 1422; x_wconf 91' lang='lat' dir='ltr'>non</span> <span class='ocrx_word' id='word_1_42' title='bbox 497 1365 704 1424; x_wconf 87' lang='lat' dir='ltr'>omnia</span> <span class='ocrx_word' id='word_1_43' title='bbox 744 1367 957 1427; x_wconf 51' lang='lat' dir='ltr'>¹verba</span> <span class='ocrx_word' id='word_1_44' title='bbox 1004 1368 1197 1444; x_wconf 80' lang='lat' dir='ltr'>hujus</span> <span class='ocrx_word' id='word_1_45' title='bbox 1225 1369 1593 1431; x_wconf 79' lang='lat' dir='ltr'>.testimonii</span> <span class='ocrx_word' id='word_1_46' title='bbox 1653 1369 1739 1428; x_wconf 90' lang='lat' dir='ltr'>sic</span> <span class='ocrx_word' id='word_1_47' title='bbox 1802 1369 2095 1446; x_wconf 90' lang='lat' dir='ltr'>leguntur</span> <span class='ocrx_word' id='word_1_48' title='bbox 2150 1367 2218 1426; x_wconf 87' lang='lat' dir='ltr'>in</span> 
     </span>
     <span class='ocr_line' id='line_1_8' title="bbox 203 1474 2219 1566; baseline 0.001 -32"><span class='ocrx_word' id='word_1_49' title='bbox 203 1474 527 1538; x_wconf 76' lang='lat' dir='ltr'>codicibuS.</span> <span class='ocrx_word' id='word_1_50' title='bbox 637 1477 917 1555; x_wconf 85' lang='lat' dir='ltr'>Scilicet,</span> <span class='ocrx_word' id='word_1_51' title='bbox 989 1480 1096 1541; x_wconf 91' lang='lat' dir='ltr'>ubi</span> <span class='ocrx_word' id='word_1_52' title='bbox 1179 1479 1447 1566; x_wconf 81' lang='grc' dir='ltr'><em>’Τρῳάσι</em></span> <span class='ocrx_word' id='word_1_53' title='bbox 1510 1474 1907 1560; x_wconf 82' lang='lat' dir='ltr'>Musgravius</span> <span class='ocrx_word' id='word_1_54' title='bbox 1978 1476 2219 1558; x_wconf 85' lang='lat' dir='ltr'>egregie</span> 
     </span>
     <span class='ocr_line' id='line_1_9' title="bbox 200 1589 2219 1675; baseline 0.001 -26"><span class='ocrx_word' id='word_1_55' title='bbox 200 1589 499 1667; x_wconf 83' lang='lat' dir='ltr'>restituit,</span> <span class='ocrx_word' id='word_1_56' title='bbox 554 1591 763 1675; x_wconf 80' lang='grc' dir='ltr'><strong><em>Τρωσὶ</em></strong></span> <span class='ocrx_word' id='word_1_57' title='bbox 803 1591 1179 1671; x_wconf 86' lang='lat' dir='ltr'>legebatur,-</span> <span class='ocrx_word' id='word_1_58' title='bbox 1214 1592 1326 1673; x_wconf 88' lang='lat' dir='ltr'>qui</span> <span class='ocrx_word' id='word_1_59' title='bbox 1366 1592 1596 1653; x_wconf 83' lang='lat' dir='ltr'>nullius</span> <span class='ocrx_word' id='word_1_60' title='bbox 1640 1591 1991 1670; x_wconf 81' lang='lat' dir='ltr'>tragoediae</span> <span class='ocrx_word' id='word_1_61' title='bbox 2036 1592 2219 1653; x_wconf 85' lang='lat' dir='ltr'>Euri·</span> 
     </span>
     <span class='ocr_line' id='line_1_10' title="bbox 196 1700 2218 1784; baseline 0.002 -23"><span class='ocrx_word' id='word_1_62' title='bbox 196 1700 416 1781; x_wconf 84' lang='lat' dir='ltr'>pideae</span> <span class='ocrx_word' id='word_1_63' title='bbox 462 1708 554 1763; x_wconf 82' lang='lat' dir='ltr'>est</span> <span class='ocrx_word' id='word_1_64' title='bbox 594 1700 832 1766; x_wconf 86' lang='lat' dir='ltr'>titulus.</span> <span class='ocrx_word' id='word_1_65' title='bbox 940 1706 1299 1784; x_wconf 82' lang='lat' dir='ltr'>Musgravio</span> <span class='ocrx_word' id='word_1_66' title='bbox 1338 1705 1532 1783; x_wconf 88' lang='lat' dir='ltr'>igitur</span> <span class='ocrx_word' id='word_1_67' title='bbox 1572 1703 2071 1783; x_wconf 88' lang='lat' dir='ltr'>adstipulandum</span> <span class='ocrx_word' id='word_1_68' title='bbox 2109 1717 2218 1782; x_wconf 88' lang='lat' dir='ltr'>est,</span> 
     </span>
     <span class='ocr_line' id='line_1_11' title="bbox 198 1817 2219 1909; baseline 0.002 -35"><span class='ocrx_word' id='word_1_69' title='bbox 198 1817 566 1895; x_wconf 87' lang='lat' dir='ltr'>praesertim</span> <span class='ocrx_word' id='word_1_70' title='bbox 609 1838 803 1899; x_wconf 90' lang='lat' dir='ltr'>quum</span> <span class='ocrx_word' id='word_1_71' title='bbox 846 1824 1193 1896; x_wconf 80' lang='lat' dir='ltr'>conjectum</span> <span class='ocrx_word' id='word_1_72' title='bbox 1237 1823 1364 1896; x_wconf 87' lang='lat' dir='ltr'>ejus</span> <span class='ocrx_word' id='word_1_73' title='bbox 1408 1818 1695 1879; x_wconf 82' lang='lat' dir='ltr'>firmetur</span> <span class='ocrx_word' id='word_1_74' title='bbox 1751 1819 1887 1909; x_wconf 84' lang='lat' dir='ltr'>aliis</span> <span class='ocrx_word' id='word_1_75' title='bbox 1940 1817 2219 1879; x_wconf 84' lang='lat' dir='ltr'>testimo-</span> 
     </span>
     <span class='ocr_line' id='line_1_12' title="bbox 196 1926 2220 2013; baseline 0.002 -25"><span class='ocrx_word' id='word_1_76' title='bbox 196 1929 319 1989; x_wconf 91' lang='lat' dir='ltr'>niis</span> <span class='ocrx_word' id='word_1_77' title='bbox 365 1933 877 2010; x_wconf 83' lang='lat' dir='ltr'>conspirantibus.</span> <span class='ocrx_word' id='word_1_78' title='bbox 962 1932 1166 1994; x_wconf 88' lang='lat' dir='ltr'>Schol.</span> <span class='ocrx_word' id='word_1_79' title='bbox 1209 1933 1278 1994; x_wconf 89' lang='lat' dir='ltr'>in</span> <span class='ocrx_word' id='word_1_80' title='bbox 1319 1933 1441 1994; x_wconf 58' lang='lat' dir='ltr'>Ar.t</span> <span class='ocrx_word' id='word_1_81' title='bbox 1473 1933 1667 2013; x_wconf 88' lang='lat' dir='ltr'>Vesp.</span> <span class='ocrx_word' id='word_1_82' title='bbox 1718 1933 1900 1993; x_wconf 85' lang='grc'><strong>1317.</strong></span> <span class='ocrx_word' id='word_1_83' title='bbox 1961 1926 2220 2013; x_wconf 55' lang='lat' dir='ltr'>&amp;uuest</span> 
     </span>
     <span class='ocr_line' id='line_1_13' title="bbox 197 2035 2216 2129; baseline -0.001 -23"><span class='ocrx_word' id='word_1_84' title='bbox 197 2035 242 2124; x_wconf 78' lang='grc' dir='ltr'><em>ἦ</em></span> <span class='ocrx_word' id='word_1_85' title='bbox 284 2045 417 2108; x_wconf 78' lang='grc' dir='ltr'><strong><em>τῶν</em></strong></span> <span class='ocrx_word' id='word_1_86' title='bbox 472 2039 797 2129; x_wconf 77' lang='grc' dir='ltr'><strong><em>Τρῳάδων</em></strong></span> <span class='ocrx_word' id='word_1_87' title='bbox 838 2041 1116 2120; x_wconf 56' lang='lat' dir='ltr'>uniames</span> <span class='ocrx_word' id='word_1_88' title='bbox 1181 2052 1398 2116; x_wconf 81' lang='grc' dir='ltr'><strong><em>ἔτεσιν</em></strong></span> <span class='ocrx_word' id='word_1_89' title='bbox 1460 2044 1659 2113; x_wconf 78' lang='grc' dir='ltr'><strong>ἑπτά.</strong></span> <span class='ocrx_word' id='word_1_90' title='bbox 1743 2046 1998 2126; x_wconf 86' lang='lat' dir='ltr'>Septem</span> <span class='ocrx_word' id='word_1_91' title='bbox 2038 2043 2216 2104; x_wconf 89' lang='lat' dir='ltr'>annis</span> 
     </span>
     <span class='ocr_line' id='line_1_14' title="bbox 193 2157 2217 2243; baseline 0 -28"><span class='ocrx_word' id='word_1_92' title='bbox 193 2167 340 2234; x_wconf 88' lang='lat' dir='ltr'>post</span> <span class='ocrx_word' id='word_1_93' title='bbox 380 2157 813 2238; x_wconf 85' lang='lat' dir='ltr'>Aristophanis</span> <span class='ocrx_word' id='word_1_94' title='bbox 856 2162 1098 2243; x_wconf 87' lang='lat' dir='ltr'>Vespas</span> <span class='ocrx_word' id='word_1_95' title='bbox 1156 2175 1324 2223; x_wconf 86' lang='lat' dir='ltr'>actae</span> <span class='ocrx_word' id='word_1_96' title='bbox 1383 2174 1528 2222; x_wconf 90' lang='lat' dir='ltr'>sunt</span> <span class='ocrx_word' id='word_1_97' title='bbox 1583 2159 1877 2222; x_wconf 80' lang='lat' dir='ltr'>Troades.</span> <span class='ocrx_word' id='word_1_98' title='bbox 1976 2159 2217 2237; x_wconf 86' lang='lat' dir='ltr'>Vespas</span> 
     </span>
     <span class='ocr_line' id='line_1_15' title="bbox 196 2246 2218 2351; baseline 0.002 -25"><span class='ocrx_word' id='word_1_99' title='bbox 196 2274 405 2328; x_wconf 83' lang='lat' dir='ltr'>autem</span> <span class='ocrx_word' id='word_1_100' title='bbox 462 2291 654 2351; x_wconf 89' lang='lat' dir='ltr'>quum</span> <span class='ocrx_word' id='word_1_101' title='bbox 715 2286 952 2334; x_wconf 86' lang='lat' dir='ltr'>constet</span> <span class='ocrx_word' id='word_1_102' title='bbox 1028 2273 1220 2335; x_wconf 85' lang='lat' dir='ltr'>editas</span> <span class='ocrx_word' id='word_1_103' title='bbox 1280 2246 1408 2334; x_wconf 79' lang='lat' dir='ltr'>esse</span> <span class='ocrx_word' id='word_1_104' title='bbox 1468 2271 1569 2335; x_wconf 87' lang='grc'><strong>01.</strong></span> <span class='ocrx_word' id='word_1_105' title='bbox 1613 2272 1715 2350; x_wconf 87' lang='grc'>89,</span> <span class='ocrx_word' id='word_1_106' title='bbox 1747 2277 1836 2350; x_wconf 86' lang='grc'>2.,</span> <span class='ocrx_word' id='word_1_107' title='bbox 1904 2269 2218 2334; x_wconf 83' lang='lat' dir='ltr'>Troadum</span> 
     </span>
     <span class='ocr_line' id='line_1_16' title="bbox 194 2382 2217 2466; baseline 0.001 -27"><span class='ocrx_word' id='word_1_108' title='bbox 194 2382 547 2442; x_wconf 84' lang='lat' dir='ltr'>commissio</span> <span class='ocrx_word' id='word_1_109' title='bbox 611 2385 832 2446; x_wconf 90' lang='lat' dir='ltr'>incidit</span> <span class='ocrx_word' id='word_1_110' title='bbox 891 2387 960 2447; x_wconf 85' lang='lat' dir='ltr'>in</span> <span class='ocrx_word' id='word_1_111' title='bbox 1016 2384 1117 2448; x_wconf 75' lang='lat' dir='ltr'>Ol.</span> <span class='ocrx_word' id='word_1_112' title='bbox 1173 2390 1278 2463; x_wconf 93' lang='lat'>91,</span> <span class='ocrx_word' id='word_1_113' title='bbox 1343 2386 1411 2445; x_wconf 89' lang='lat' dir='ltr'>in</span> <span class='ocrx_word' id='word_1_114' title='bbox 1466 2406 1599 2466; x_wconf 70' lang='lat' dir='ltr'>,qua</span> <span class='ocrx_word' id='word_1_115' title='bbox 1661 2383 1829 2464; x_wconf 85' lang='lat' dir='ltr'>apud</span> <span class='ocrx_word' id='word_1_116' title='bbox 1890 2383 2217 2446; x_wconf 89' lang='lat' dir='ltr'>Aelianum</span> 
     </span>
     <span class='ocr_line' id='line_1_17' title="bbox 207 2492 2215 2574; baseline -0.001 -19"><span class='ocrx_word' id='word_1_117' title='bbox 207 2492 427 2574; x_wconf 65' lang='lat' dir='ltr'>(l&#39;pcfisg</span> <span class='ocrx_word' id='word_1_118' title='bbox 468 2508 809 2573; x_wconf 86' lang='lat' dir='ltr'>ponuntur.</span> <span class='ocrx_word' id='word_1_119' title='bbox 895 2498 1183 2559; x_wconf 81' lang='lat' dir='ltr'>Alterum</span> <span class='ocrx_word' id='word_1_120' title='bbox 1222 2497 1650 2559; x_wconf 84' lang='lat' dir='ltr'>testimonium</span> <span class='ocrx_word' id='word_1_121' title='bbox 1693 2496 1891 2574; x_wconf 87' lang='lat' dir='ltr'>docet,</span> <span class='ocrx_word' id='word_1_122' title='bbox 1937 2495 2215 2556; x_wconf 90' lang='lat' dir='ltr'>Palame-</span> 
     </span>
     <span class='ocr_line' id='line_1_18' title="bbox 191 2602 2216 2690; baseline 0.001 -25"><span class='ocrx_word' id='word_1_123' title='bbox 191 2602 339 2666; x_wconf 88' lang='lat' dir='ltr'>dem</span> <span class='ocrx_word' id='word_1_124' title='bbox 384 2606 598 2669; x_wconf 89' lang='lat' dir='ltr'>eodem</span> <span class='ocrx_word' id='word_1_125' title='bbox 640 2621 924 2690; x_wconf 85' lang='lat' dir='ltr'>tempore</span> <span class='ocrx_word' id='word_1_126' title='bbox 983 2631 1112 2672; x_wconf 88' lang='lat' dir='ltr'>esse</span> <span class='ocrx_word' id='word_1_127' title='bbox 1170 2614 1395 2672; x_wconf 79' lang='lat' dir='ltr'>actum.</span> <span class='ocrx_word' id='word_1_128' title='bbox 1503 2610 1711 2673; x_wconf 86' lang='lat' dir='ltr'>Schol.</span> <span class='ocrx_word' id='word_1_129' title='bbox 1772 2608 1840 2669; x_wconf 93' lang='lat' dir='ltr'>in</span> <span class='ocrx_word' id='word_1_130' title='bbox 1899 2607 2018 2670; x_wconf 87' lang='lat' dir='ltr'>Av.</span> <span class='ocrx_word' id='word_1_131' title='bbox 2071 2608 2216 2667; x_wconf 89' lang='grc'><strong>843.</strong></span> 
     </span>
     <span class='ocr_line' id='line_1_19' title="bbox 191 2718 2217 2821; baseline 0.002 -35"><span class='ocrx_word' id='word_1_132' title='bbox 191 2725 676 2810; x_wconf 73' lang='grc' dir='ltr'><strong><em>παρακωμῳδεῖ</em></strong></span> <span class='ocrx_word' id='word_1_133' title='bbox 704 2721 833 2810; x_wconf 63' lang='grc' dir='ltr'>1τὸν</span> <span class='ocrx_word' id='word_1_134' title='bbox 872 2724 1255 2812; x_wconf 72' lang='grc' dir='ltr'><strong><em>Εὐριπίδοίἰ</em></strong></span> <span class='ocrx_word' id='word_1_135' title='bbox 1285 2720 1721 2813; x_wconf 78' lang='grc' dir='ltr'><strong><em>Παλαμήδην</em></strong></span> <span class='ocrx_word' id='word_1_136' title='bbox 1753 2718 1834 2791; x_wconf 80' lang='grc' dir='ltr'>οὐ</span> <span class='ocrx_word' id='word_1_137' title='bbox 1873 2721 2001 2808; x_wconf 86' lang='grc' dir='ltr'>πρὸ</span> <span class='ocrx_word' id='word_1_138' title='bbox 2044 2725 2217 2821; x_wconf 80' lang='grc' dir='ltr'><strong><em>πολ-</em></strong></span> 
     </span>
     <span class='ocr_line' id='line_1_20' title="bbox 187 2834 2226 2923; baseline -0.002 -24"><span class='ocrx_word' id='word_1_139' title='bbox 187 2836 313 2900; x_wconf 72' lang='grc' dir='ltr'>λοῦ</span> <span class='ocrx_word' id='word_1_140' title='bbox 356 2834 852 2922; x_wconf 78' lang='grc' dir='ltr'><strong><em>δεδιδαγμένον.</em></strong></span> <span class='ocrx_word' id='word_1_141' title='bbox 935 2840 1102 2902; x_wconf 85' lang='lat' dir='ltr'>Aves</span> <span class='ocrx_word' id='word_1_142' title='bbox 1141 2842 1461 2923; x_wconf 47' lang='lat' dir='ltr'>quoniam·</span> <span class='ocrx_word' id='word_1_143' title='bbox 1481 2840 1697 2908; x_wconf 86' lang='lat' dir='ltr'>doctae</span> <span class='ocrx_word' id='word_1_144' title='bbox 1741 2851 1884 2900; x_wconf 90' lang='lat' dir='ltr'>sunt</span> <span class='ocrx_word' id='word_1_145' title='bbox 1939 2839 2015 2897; x_wconf 91' lang='lat' dir='ltr'>ab</span> <span class='ocrx_word' id='word_1_146' title='bbox 2074 2836 2226 2896; x_wconf 76' lang='lat' dir='ltr'>Ari-</span> 
     </span>
     <span class='ocr_line' id='line_1_21' title="bbox 188 2946 2216 3033; baseline 0 -26"><span class='ocrx_word' id='word_1_147' title='bbox 188 2949 494 3027; x_wconf 87' lang='lat' dir='ltr'>stophane</span> <span class='ocrx_word' id='word_1_148' title='bbox 559 2946 658 3012; x_wconf 91' lang='grc'>01.</span> <span class='ocrx_word' id='word_1_149' title='bbox 703 2954 807 3027; x_wconf 85' lang='grc'><strong>91,</strong></span> <span class='ocrx_word' id='word_1_150' title='bbox 844 2955 904 3012; x_wconf 87' lang='grc'>2.</span> <span class='ocrx_word' id='word_1_151' title='bbox 963 2954 1197 3030; x_wconf 88' lang='lat' dir='ltr'>magnis</span> <span class='ocrx_word' id='word_1_152' title='bbox 1268 2954 1623 3033; x_wconf 85' lang='lat' dir='ltr'>Dionysiis‚</span> <span class='ocrx_word' id='word_1_153' title='bbox 1690 2948 2046 3018; x_wconf 82' lang='lat' dir='ltr'>Palamedes</span> <span class='ocrx_word' id='word_1_154' title='bbox 2108 2960 2216 3008; x_wconf 89' lang='lat' dir='ltr'>aut</span> 
     </span>
     <span class='ocr_line' id='line_1_22' title="bbox 183 3061 2215 3143; baseline 0.001 -23"><span class='ocrx_word' id='word_1_155' title='bbox 183 3061 258 3121; x_wconf 89' lang='lat' dir='ltr'>in</span> <span class='ocrx_word' id='word_1_156' title='bbox 304 3062 579 3141; x_wconf 89' lang='lat' dir='ltr'>priorem</span> <span class='ocrx_word' id='word_1_157' title='bbox 636 3077 880 3143; x_wconf 89' lang='lat' dir='ltr'>partem</span> <span class='ocrx_word' id='word_1_158' title='bbox 938 3066 1086 3125; x_wconf 90' lang='lat' dir='ltr'>anni</span> <span class='ocrx_word' id='word_1_159' title='bbox 1149 3069 1266 3143; x_wconf 86' lang='lat'>91,</span> <span class='ocrx_word' id='word_1_160' title='bbox 1296 3069 1336 3125; x_wconf 86' lang='grc'><strong>2</strong></span> <span class='ocrx_word' id='word_1_161' title='bbox 1388 3063 1642 3142; x_wconf 84' lang='lat' dir='ltr'>incidit,</span> <span class='ocrx_word' id='word_1_162' title='bbox 1701 3076 1811 3124; x_wconf 89' lang='lat' dir='ltr'>aut</span> <span class='ocrx_word' id='word_1_163' title='bbox 1863 3064 1929 3124; x_wconf 86' lang='lat' dir='ltr'>in</span> <span class='ocrx_word' id='word_1_164' title='bbox 1986 3082 2215 3123; x_wconf 91' lang='lat' dir='ltr'>annum</span> 
     </span>
     <span class='ocr_line' id='line_1_23' title="bbox 150 3173 2213 3260; baseline 0.001 -26"><span class='ocrx_word' id='word_1_165' title='bbox 150 3173 298 3251; x_wconf 73' lang='lat'>91,</span> <span class='ocrx_word' id='word_1_166' title='bbox 338 3179 394 3254; x_wconf 90' lang='lat'>1,</span> <span class='ocrx_word' id='word_1_167' title='bbox 437 3178 673 3257; x_wconf 85' lang='lat' dir='ltr'>quippe</span> <span class='ocrx_word' id='word_1_168' title='bbox 718 3179 826 3260; x_wconf 85' lang='lat' dir='ltr'>qui</span> <span class='ocrx_word' id='word_1_169' title='bbox 872 3180 1035 3239; x_wconf 88' lang='lat' dir='ltr'>ultra</span> <span class='ocrx_word' id='word_1_170' title='bbox 1075 3178 1327 3239; x_wconf 83' lang='lat' dir='ltr'>initium</span> <span class='ocrx_word' id='word_1_171' title='bbox 1384 3175 1483 3241; x_wconf 88' lang='lat' dir='ltr'>Ol.</span> <span class='ocrx_word' id='word_1_172' title='bbox 1527 3182 1633 3240; x_wconf 88' lang='lat'>91.</span> <span class='ocrx_word' id='word_1_173' title='bbox 1696 3178 1870 3255; x_wconf 86' lang='lat' dir='ltr'>rejici</span> <span class='ocrx_word' id='word_1_174' title='bbox 1923 3188 2213 3259; x_wconf 89' lang='lat' dir='ltr'>nequeat.</span> 
     </span>
     <span class='ocr_line' id='line_1_24' title="bbox 186 3290 2212 3355; baseline 0.001 -5"><span class='ocrx_word' id='word_1_175' title='bbox 186 3290 331 3352; x_wconf 89' lang='lat' dir='ltr'>Huc</span> <span class='ocrx_word' id='word_1_176' title='bbox 388 3291 619 3353; x_wconf 87' lang='lat' dir='ltr'>accedit</span> <span class='ocrx_word' id='word_1_177' title='bbox 674 3294 928 3354; x_wconf 84' lang='lat' dir='ltr'>tertium</span> <span class='ocrx_word' id='word_1_178' title='bbox 971 3295 1398 3355; x_wconf 83' lang='lat' dir='ltr'>testimonium</span> <span class='ocrx_word' id='word_1_179' title='bbox 1461 3294 1669 3355; x_wconf 90' lang='lat' dir='ltr'>Schol.</span> <span class='ocrx_word' id='word_1_180' title='bbox 1730 3294 1796 3355; x_wconf 91' lang='lat' dir='ltr'>in</span> <span class='ocrx_word' id='word_1_181' title='bbox 1861 3294 1982 3354; x_wconf 86' lang='lat' dir='ltr'>Av.</span> <span class='ocrx_word' id='word_1_182' title='bbox 2030 3293 2212 3354; x_wconf 83' lang='lat'>1717.</span> 
     </span>
     <span class='ocr_line' id='line_1_25' title="bbox 184 3396 2214 3494; baseline 0.001 -27"><span class='ocrx_word' id='word_1_183' title='bbox 184 3403 481 3492; x_wconf 78' lang='grc' dir='ltr'><strong><em>χλευάζει</em></strong></span> <span class='ocrx_word' id='word_1_184' title='bbox 526 3400 816 3489; x_wconf 71' lang='grc' dir='ltr'><strong><em>παροξτοὶ</em></strong></span> <span class='ocrx_word' id='word_1_185' title='bbox 853 3412 922 3494; x_wconf 64' lang='grc' dir='ltr'>ἐκ</span> <span class='ocrx_word' id='word_1_186' title='bbox 961 3402 1289 3493; x_wconf 76' lang='grc' dir='ltr'><strong><em>Τρῳάδων</em></strong></span> <span class='ocrx_word' id='word_1_187' title='bbox 1328 3402 1740 3491; x_wconf 75' lang='grc' dir='ltr'><strong><em>Εὐριπίδου·</em></strong></span> <span class='ocrx_word' id='word_1_188' title='bbox 1784 3401 1995 3492; x_wconf 74' lang='grc' dir='ltr'><strong><em>ἄνεχε,</em></strong></span> <span class='ocrx_word' id='word_1_189' title='bbox 2038 3396 2214 3487; x_wconf 75' lang='grc' dir='ltr'><strong><em>πάρ-</em></strong></span> 
     </span>
     <span class='ocr_line' id='line_1_26' title="bbox 191 3519 2218 3606; baseline -0.001 -25"><span class='ocrx_word' id='word_1_190' title='bbox 191 3542 331 3606; x_wconf 70' lang='grc' dir='ltr'>εχε,</span> <span class='ocrx_word' id='word_1_191' title='bbox 399 3522 536 3601; x_wconf 81' lang='grc' dir='ltr'>φῶς</span> <span class='ocrx_word' id='word_1_192' title='bbox 600 3521 752 3604; x_wconf 76' lang='grc' dir='ltr'>φέρε</span> <span class='ocrx_word' id='word_1_193' title='bbox 811 3519 1062 3604; x_wconf 83' lang='lat' dir='ltr'>(Troad.</span> <span class='ocrx_word' id='word_1_194' title='bbox 1108 3548 1165 3584; x_wconf 92' lang='lat' dir='ltr'>v.</span> <span class='ocrx_word' id='word_1_195' title='bbox 1210 3520 1386 3606; x_wconf 87' lang='lat'>308.)</span> <span class='ocrx_word' id='word_1_196' title='bbox 1484 3522 1583 3583; x_wconf 85' lang='lat' dir='ltr'>Ex</span> <span class='ocrx_word' id='word_1_197' title='bbox 1642 3542 1768 3604; x_wconf 85' lang='lat' dir='ltr'>quo</span> <span class='ocrx_word' id='word_1_198' title='bbox 1832 3531 2090 3601; x_wconf 86' lang='lat' dir='ltr'>apparet</span> <span class='ocrx_word' id='word_1_199' title='bbox 2144 3519 2218 3579; x_wconf 58' lang='lat' dir='ltr'>in&gt;</span> 
     </span>
     <span class='ocr_line' id='line_1_27' title="bbox 182 3632 2213 3713; baseline -0 -19"><span class='ocrx_word' id='word_1_200' title='bbox 182 3632 429 3698; x_wconf 73' lang='lat' dir='ltr'>‘Avibus</span> <span class='ocrx_word' id='word_1_201' title='bbox 470 3634 950 3712; x_wconf 86' lang='lat' dir='ltr'>Aristophanem</span> <span class='ocrx_word' id='word_1_202' title='bbox 995 3634 1178 3695; x_wconf 89' lang='lat' dir='ltr'>simul</span> <span class='ocrx_word' id='word_1_203' title='bbox 1218 3633 1492 3696; x_wconf 87' lang='lat' dir='ltr'>Troades</span> <span class='ocrx_word' id='word_1_204' title='bbox 1536 3646 1600 3695; x_wconf 86' lang='lat' dir='ltr'>et</span> <span class='ocrx_word' id='word_1_205' title='bbox 1644 3632 2030 3694; x_wconf 83' lang='lat' dir='ltr'>Palamedem</span> <span class='ocrx_word' id='word_1_206' title='bbox 2070 3654 2213 3713; x_wconf 89' lang='lat' dir='ltr'>per-</span> 
     </span>
     <span class='ocr_line' id='line_1_28' title="bbox 187 3745 2213 3831; baseline 0 -25"><span class='ocrx_word' id='word_1_207' title='bbox 187 3745 548 3824; x_wconf 79' lang='lat' dir='ltr'>strinxisse,</span> <span class='ocrx_word' id='word_1_208' title='bbox 610 3747 780 3828; x_wconf 89' lang='lat' dir='ltr'>quod</span> <span class='ocrx_word' id='word_1_209' title='bbox 834 3746 1088 3831; x_wconf 85' lang='lat' dir='ltr'>quidem</span> <span class='ocrx_word' id='word_1_210' title='bbox 1130 3747 1293 3808; x_wconf 87' lang='lat' dir='ltr'>valet</span> <span class='ocrx_word' id='word_1_211' title='bbox 1348 3745 1428 3807; x_wconf 91' lang='lat' dir='ltr'>ad</span> <span class='ocrx_word' id='word_1_212' title='bbox 1483 3758 1679 3807; x_wconf 89' lang='lat' dir='ltr'>totam</span> <span class='ocrx_word' id='word_1_213' title='bbox 1732 3766 1865 3806; x_wconf 88' lang='lat' dir='ltr'>rem</span> <span class='ocrx_word' id='word_1_214' title='bbox 1930 3764 2213 3825; x_wconf 90' lang='lat' dir='ltr'>compro-</span> 
     </span>
     <span class='ocr_line' id='line_1_29' title="bbox 187 3858 476 3922; baseline -0.007 0"><span class='ocrx_word' id='word_1_215' title='bbox 187 3858 476 3922; x_wconf 87' lang='lat' dir='ltr'>bandam.</span> 
     </span>
    </p>
   </div>
   <div class='ocr_carea' id='block_1_3' title="bbox 185 3956 2211 4291">
    <p class='ocr_par' dir='ltr' id='par_1_3' title="bbox 185 3956 2211 4291">
     <span class='ocr_line' id='line_1_30' title="bbox 365 3956 2211 4041; baseline -0.002 -2"><span class='ocrx_word' id='word_1_216' title='bbox 365 3980 531 4040; x_wconf 88' lang='lat' dir='ltr'>Haec</span> <span class='ocrx_word' id='word_1_217' title='bbox 576 3978 887 4041; x_wconf 86' lang='lat' dir='ltr'>sufficiunt</span> <span class='ocrx_word' id='word_1_218' title='bbox 941 3978 1016 4039; x_wconf 91' lang='lat' dir='ltr'>ad</span> <span class='ocrx_word' id='word_1_219' title='bbox 1075 3978 1562 4040; x_wconf 88' lang='lat' dir='ltr'>confirmandum</span> <span class='ocrx_word' id='word_1_220' title='bbox 1612 3977 2033 4039; x_wconf 87' lang='lat' dir='ltr'>testimonium</span> <span class='ocrx_word' id='word_1_221' title='bbox 2087 3956 2211 4037; x_wconf 66' lang='lat' dir='ltr'>Ae·</span> 
     </span>
     <span class='ocr_line' id='line_1_31' title="bbox 185 4083 2211 4174; baseline -0.002 -19"><span class='ocrx_word' id='word_1_222' title='bbox 185 4094 380 4170; x_wconf 88' lang='lat' dir='ltr'>liani,</span> <span class='ocrx_word' id='word_1_223' title='bbox 420 4093 526 4154; x_wconf 87' lang='lat' dir='ltr'>sed</span> <span class='ocrx_word' id='word_1_224' title='bbox 575 4115 736 4154; x_wconf 91' lang='lat' dir='ltr'>nunc</span> <span class='ocrx_word' id='word_1_225' title='bbox 780 4095 1116 4155; x_wconf 84' lang='lat' dir='ltr'>accuratius</span> <span class='ocrx_word' id='word_1_226' title='bbox 1173 4092 1249 4154; x_wconf 91' lang='lat' dir='ltr'>de</span> <span class='ocrx_word' id='word_1_227' title='bbox 1293 4083 1575 4174; x_wconf 84' lang='lat' dir='ltr'>tempore</span> <span class='ocrx_word' id='word_1_228' title='bbox 1634 4090 2076 4153; x_wconf 85' lang='lat' dir='ltr'>commissionis</span> <span class='ocrx_word' id='word_1_229' title='bbox 2118 4090 2211 4152; x_wconf 83' lang='lat' dir='ltr'>vi-</span> 
     </span>
     <span class='ocr_line' id='line_1_32' title="bbox 185 4201 2209 4291; baseline -0.002 -20"><span class='ocrx_word' id='word_1_230' title='bbox 185 4208 464 4271; x_wconf 87' lang='lat' dir='ltr'>dendum</span> <span class='ocrx_word' id='word_1_231' title='bbox 508 4223 616 4272; x_wconf 88' lang='lat' dir='ltr'>est.</span> <span class='ocrx_word' id='word_1_232' title='bbox 705 4209 961 4273; x_wconf 86' lang='lat' dir='ltr'>Constat</span> <span class='ocrx_word' id='word_1_233' title='bbox 1004 4212 1194 4291; x_wconf 89' lang='lat' dir='ltr'>igitur</span> <span class='ocrx_word' id='word_1_234' title='bbox 1237 4209 1628 4272; x_wconf 86' lang='lat' dir='ltr'>Palamedem</span> <span class='ocrx_word' id='word_1_235' title='bbox 1679 4201 1818 4269; x_wconf 72' lang='lat' dir='ltr'>cu&#39;m</span> <span class='ocrx_word' id='word_1_236' title='bbox 1865 4205 2209 4268; x_wconf 88' lang='lat' dir='ltr'>Troadibus</span> 
     </span>
    </p>
   </div>
   <div class='ocr_carea' id='block_1_4' title="bbox 184 4318 2207 4474">
    <p class='ocr_par' dir='ltr' id='par_1_4' title="bbox 184 4318 2207 4474">
     <span class='ocr_line' id='line_1_33' title="bbox 184 4318 2207 4404; baseline -0.003 -20"><span class='ocrx_word' id='word_1_237' title='bbox 184 4345 317 4385; x_wconf 89' lang='lat' dir='ltr'>non</span> <span class='ocrx_word' id='word_1_238' title='bbox 355 4324 555 4385; x_wconf 86' lang='lat' dir='ltr'>multo</span> <span class='ocrx_word' id='word_1_239' title='bbox 599 4335 740 4384; x_wconf 82' lang='lat' dir='ltr'>ante</span> <span class='ocrx_word' id='word_1_240' title='bbox 775 4326 939 4394; x_wconf 84' lang='lat' dir='ltr'>Aves</span> <span class='ocrx_word' id='word_1_241' title='bbox 966 4327 1025 4388; x_wconf 91' lang='lat' dir='ltr'>h.</span> <span class='ocrx_word' id='word_1_242' title='bbox 1059 4347 1111 4394; x_wconf 87' lang='lat' dir='ltr'>e.</span> <span class='ocrx_word' id='word_1_243' title='bbox 1139 4336 1283 4386; x_wconf 80' lang='lat' dir='ltr'>ante</span> <span class='ocrx_word' id='word_1_244' title='bbox 1311 4322 1616 4404; x_wconf 86' lang='lat' dir='ltr'>Dionysia</span> <span class='ocrx_word' id='word_1_245' title='bbox 1645 4343 1862 4400; x_wconf 86' lang='lat' dir='ltr'>magna</span> <span class='ocrx_word' id='word_1_246' title='bbox 1907 4318 2207 4396; x_wconf 82' lang='lat' dir='ltr'>Ol.91‚2.</span> 
     </span>
     <span class='ocr_line' id='line_1_34' title="bbox 2032 4445 2045 4474; baseline 0 0"><span class='ocrx_word' id='word_1_247' title='bbox 2032 4445 2045 4474; x_wconf 68' lang='grc' dir='ltr'><strong>ι</strong></span> 
     </span>
    </p>
   </div>
   <div class='ocr_carea' id='block_1_5' title="bbox 1003 4591 1039 4605">
    <p class='ocr_par' dir='ltr' id='par_1_5' title="bbox 1003 4591 1039 4605">
     <span class='ocr_line' id='line_1_35' title="bbox 1003 4591 1039 4605; baseline 0 0"><span class='ocrx_word' id='word_1_248' title='bbox 1003 4591 1039 4605; x_wconf 45' lang='lat' dir='ltr'>Q</span> 
     </span>
    </p>
   </div>
  </div>
 </body>
</html>
