3080 5242
1634 561 2067 625 ,--6—

878 733 1087 796 eadem
1145 732 1571 795 commissione
1625 742 1827 792 actum
1882 749 2032 791 esse.
2138 728 2311 789 Hanc
2363 706 2804 790 Zirndorferus
2834 724 2887 809 6)

876 847 1057 928 ponit
1100 844 1199 909 Ol.
1244 850 1363 925 91,
1398 850 1464 924 1,
1507 844 1585 907 ad
1630 866 1816 927 quem
1856 865 2084 906 annum
2130 842 2299 905 ducit
2341 841 2546 904 Schol.
2587 843 2653 903 in
2702 844 2890 921 Vesp.

880 963 1066 1023 1317.
1120 956 1380 1046 ὑστερεῖ
1416 950 1461 1042 ἦ
1503 958 1636 1026 τῶν
1695 957 2018 1046 Τρῳάδων
2077 953 2354 1028 κάθεσις
2416 963 2631 1021 ἔτεσιν
2701 946 2893 1020 ἑπτά.

881 1074 1225 1137 Schoellius
1248 1070 1309 1159 ⁷)
1356 1084 1562 1134 autem
1613 1093 1745 1133 eam
1803 1070 2291 1133 commissionem
2333 1069 2540 1148 parvis
2582 1067 2897 1149 Dionysiis

879 1185 979 1251 Ol.
1020 1159 1137 1265 91,
1173 1189 1234 1246 2.
1266 1182 1323 1269 8)
1387 1186 1610 1246 factam
1675 1205 1805 1246 esse
1873 1183 2124 1260 statuit,
2162 1183 2480 1263 probante
2534 1183 2896 1258 Welckero,

878 1300 1124 1384 (Suppl.
1168 1300 1333 1361 Mus.
1390 1298 1590 1360 Rhen.
1631 1298 1709 1359 II.
1761 1317 1900 1378 pag.
1951 1295 2125 1381 510).
2225 1295 2313 1355 Ac
2371 1314 2514 1354 sane
2568 1293 2774 1354 Schol.
2831 1293 2895 1352 in

876 1417 1069 1497 Vesp.
1126 1416 1314 1477 1317.
1373 1425 1613 1495 septem
1671 1433 1866 1475 annos
1926 1412 2203 1496 integros
2266 1419 2328 1469 et
2390 1421 2633 1489 partem
2695 1409 2899 1471 octavi

877 1532 1091 1594 ἔτεσιν
1166 1521 1341 1593 ἑπτά
1408 1525 1754 1606 significare
1824 1523 2066 1605 potuit,
2146 1522 2252 1584 sed
2333 1523 2689 1604 quaeritur,
2746 1541 2896 1581 num

880 1638 1132 1700 omnino
1189 1657 1386 1701 novae
1444 1637 1795 1716 tragoediae
1864 1636 2063 1698 editae
2107 1636 2232 1699 sint
2289 1636 2498 1716 parvis
2556 1634 2895 1716 Dionysiis,

881 1748 1048 1832 quod
1094 1747 1278 1810 multi
1318 1747 1442 1810 viri
1486 1747 1654 1810 docti
1691 1760 2093 1828 negaverunt.
2175 1748 2278 1810 Ad
2309 1748 2475 1832 quod
2507 1746 2897 1829 probandum

882 1863 1222 1926 Schoellius
1272 1862 1419 1924 citat
1468 1862 1714 1942 Aelian.
1769 1863 1853 1924 V.
1895 1864 1974 1924 H.
2031 1865 2104 1942 II,
2155 1866 2252 1925 13.
2311 1861 2346 1930 ὁ
2411 1864 2479 1931 δὲ
2551 1859 2899 1946 Σωκράτης

881 1974 1172 2043 σπάνιον
1214 1978 1348 2061 μὲν
1389 1973 1712 2059 ἐπεφοίτα
1772 1987 1909 2049 τοῖς
1950 1969 2293 2060 θεάτροις,
2346 1978 2573 2043 εἴποτε
2630 1974 2698 2041 δὲ
2740 1968 2896 2042 Εὐ·
2965 1963 2971 1972 ’

882 2091 1145 2177 ριπίδης
1186 2084 1221 2157 ὅ
1278 2090 1405 2178 τῆς
1457 2089 1829 2179 τραγῳδίας
1882 2089 2166 2176 ποιητής
2227 2088 2582 2176 ἠγωνίζετο
2643 2103 2898 2163 καινοῖς

880 2203 1230 2291 τραγωδοῒς
1249 2202 1340 2291 9),
1381 2201 1531 2271 τότε
1571 2229 1648 2289 ys
1691 2196 2068 2290 ἀφικνεῖτο·
2122 2203 2228 2270 καὶ
2267 2204 2570 2288 Πειραιεῖ
2614 2201 2682 2269 δὲ
2726 2200 2899 2288 ἄγω-

881 2321 1234 2406 νιζομένου
1288 2319 1415 2389 τοῦ
1471 2312 1854 2403 Εὐριπίδου
1890 2315 2026 2385 ’καὶ
2091 2324 2219 2385 ἐκεῖ
2278 2315 2527 2406 κατῄει.
2638 2318 2711 2377 In
2769 2338 2898 2399 quo

878 2434 1015 2495 loco
1055 2431 1419 2514 explicando
1461 2432 1743 2514 quamvis
1794 2430 2134 2496 Schoellius
2187 2455 2224 2493 a
2265 2431 2582 2494 Boeckhio
2622 2429 2709 2511 1⁰)
2771 2429 2898 2493 dis-

884 2546 1077 2628 cedat,
1119 2549 1255 2612 viro
1302 2547 1657 2626 clarissimo,
1699 2560 1906 2608 tamen
1937 2547 2245 2610 Schoellio
2287 2524 2605 2608 assentior.
2667 2546 2896 2609 Sensus

884 2663 1046 2724 enim
1090 2667 1217 2741 ejus
1258 2663 1380 2726 loci
1416 2663 1518 2725 hic
1561 2684 1691 2725 esse
1732 2663 1889 2724 mihi
1927 2662 2207 2725 videtur:
2274 2662 2586 2725 ‘Socrates
2642 2667 2899 2728 omnino

884 2777 1128 2838 theatra
1168 2798 1311 2841 raro
1354 2776 1582 2855 adibat,
1625 2776 1749 2853 nisi
1790 2777 1950 2839 forte
1979 2776 2309 2857 Euripides
2353 2778 2529 2841 novis
2565 2778 2896 2857 tragoediis
2920 2804 2944 2828 x

886 2902 1165 2950 certaret.
1252 2887 1434 2966 Quod
1474 2891 1587 2953 ubi
1640 2890 1863 2968 fiebat,
1904 2910 2030 2952 non
2075 2889 2261 2953 modo
2303 2892 2679 2953 Atheniense
2720 2895 2900 2954 thea-

883 3014 1050 3063 trum
1092 3003 1559 3084 frequentabat,
1611 3002 1718 3065 sed
1789 3003 1973 3065 etiam
2027 3004 2386 3070 Piraeeum’.
2485 3007 2598 3067 His
2652 3007 2900 3084 rejectis

883 3115 936 3176 si
978 3115 1116 3196 quis
1171 3115 1349 3175 malit
1403 3115 1488 3176 sic
1535 3113 1879 3195 explicare,
1936 3114 2251 3178 Socratem
2304 3115 2458 3180 adeo
2523 3117 2899 3181 delectatum

883 3249 1014 3304 esse
1069 3227 1384 3308 Euripidis
1434 3227 1766 3309 tragoediis
1785 3274 1803 3307 ,
1847 3240 1919 3290 ut
1967 3249 2158 3293 novas
2219 3229 2287 3290 in
2350 3232 2502 3292 urbe
2564 3244 2896 3313 spectaret,

990 3466 1079 3551 ⁶6)
1115 3480 1456 3548 Zirndorfer,
1494 3479 1560 3534 de
1599 3478 1942 3553 chronologia
1978 3480 2277 3535 fabularum
2312 3481 2578 3554 Euripidis
2620 3503 2672 3554 p.
2706 3487 2797 3540 70.

1015 3579 1076 3648 7)
1111 3578 1210 3633 Ad.
1232 3579 1460 3643 Schoell,
1486 3580 1728 3653 Beitr'a‘ge
1754 3600 1848 3633 zur
1862 3579 2046 3635 Gesch.
2071 3581 2122 3634 d.
2138 3579 2334 3653 griech.
2354 3581 2539 3634 Poesie
2560 3580 2714 3637 Th.1.
2736 3602 2792 3654 p.
2808 3583 2901 3638 70·

1018 3677 1077 3746 8)
1113 3677 1255 3731 Inter
1301 3660 1492 3751 magna
1539 3678 1797 3753 Dionysia
1850 3678 1939 3734 Ol.
1984 3683 2069 3748 91,
2105 3683 2157 3733 1.
2193 3690 2245 3733 et
2281 3699 2438 3751 parva
2470 3671 2571 3746 Ι91,
2601 3686 2648 3734 2.
2695 3700 2897 3735 novem

875 3776 985 3828 fere
1021 3795 1224 3830 menses
1257 3779 1533 3833 intersunt.

949 3891 968 3909 ⁸
1014 3874 1074 3945 9)
1108 3873 1268 3932 Bekk.
1305 3876 1566 3930 Anecdot.
1616 3895 1739 3949 pag.
1784 3881 1917 3946 3119,
1945 3882 1996 3934 8.
2049 3881 2386 3949 τραγῳδοῖοι·
2441 3883 2546 3929 τῶν
2599 3880 2894 3947 τραγῳδῶν

874 3974 920 4023 οἶ
955 3976 1043 4035 μὶν
1086 3960 1218 4043 ἦσαν
1263 3975 1506 4052 παλαιοί,
1562 3977 1610 4026 οἱ
1643 3973 1840 4027 παλαιοὶ
1877 3972 2124 4046 δράματα
2176 3975 2554 4044 εἶςαγαγόντες,
2591 3978 2638 4027 οἱ
2672 3979 2730 4029 δὲ
2769 3999 2892 4029 και-

870 4081 969 4134 νοί,
1005 4074 1051 4125 οἶ
1087 4069 1235 4125 καινά
1271 4079 1359 4125 καὶ
1395 4077 1651 4143 μηδέποτε
1686 4078 2010 4140 εὶςαχθέντα.

791 4231 796 4237 ⁴
1010 4176 1106 4247 10)
1145 4177 1379 4246 Boeckh,
1434 4173 1569 4232 iiber
1610 4178 1693 4231 die
1734 4178 1976 4248 Leniien,
2018 4179 2382 4236 Anthesterien
2425 4182 2535 4235 und
2569 4182 2896 4255 Dionysien,

872 4275 926 4330 in
947 4277 999 4333 d.
1028 4277 1287 4333 Abhandl.
1311 4278 1362 4336 d.
1381 4277 1521 4336 Berl.
1542 4278 1709 4338 Acad.
1732 4282 1870 4335 1816
1890 4308 1951 4321 -
1967 4282 2054 4335 17.
2090 4280 2508 4353 Biston-philol.
2525 4279 2718 4351 Classe,
2734 4285 2898 4355 p.96.
