3080 5242
1110 719 1530 784 -21...

309 910 454 972 dum
498 922 811 974 noverunt
852 922 925 972 ut
956 910 1306 991 improbum
1337 932 1406 972 ac
1436 910 1794 991 malignum.
1876 910 1957 972 Et
1982 908 2135 993 quid
2169 910 2325 972 istuc

308 1025 642 1106 significat,
722 1028 1104 1107 Polyxenam
1153 1027 1411 1089 Achillis
1468 1026 1780 1088 addictum
1821 1047 1956 1088 esse
1998 1021 2325 1106 sepulcro?

305 1143 464 1203 Mox
516 1141 733 1201 infelix
771 1141 1020 1201 Hecuba
1085 1140 1152 1202 id
1205 1142 1520 1222 intelligit.
1624 1141 1813 1203 Caesa
1867 1153 1960 1203 est
2018 1142 2195 1220 virgo
2255 1141 2320 1202 in

305 1255 544 1315 tumulo
591 1253 788 1315 istiuS.
877 1252 1062 1330 Quod
1097 1257 1347 1319 Hecuba
1389 1256 1584 1319 flebili
1628 1268 1854 1339 questu
1897 1278 2035 1318 cum
2075 1253 2323 1317 Andro-

301 1373 512 1432 macha
556 1369 887 1451 deplorans
929 1370 1189 1434 vixdum
1229 1375 1577 1454 paullulum
1627 1373 1895 1452 mitigari
1939 1394 2007 1432 ac
2048 1372 2322 1454 requies·

301 1505 437 1545 cere
482 1486 716 1564 coepit,
761 1505 955 1566 quum
996 1484 1225 1545 iterum
1265 1484 1436 1546 adest
1459 1485 1832 1566 Talthybius
1867 1504 2099 1546 novum
2135 1494 2321 1565 atque

296 1597 647 1660 inauditum
701 1598 1083 1660 Achivorum
1141 1595 1459 1658 decretum
1515 1599 1798 1658 asserens.
1882 1598 2320 1671 Decreverant,

293 1711 661 1803 praesertim
701 1710 891 1772 Ulixe
935 1722 1217 1785 auctore,
1275 1721 1346 1769 ut
1389 1708 1773 1770 occideretur
1813 1708 2095 1769 Hectoris
2134 1707 2318 1768 filius.

296 1822 496 1900 Quem
548 1845 582 1884 e
647 1824 785 1885 sinu
840 1822 1055 1883 matris
1123 1821 1407 1898 eJ‘ulantis
1473 1821 1663 1901 eripit
1724 1821 2125 1903 Talthybius,
2192 1840 2317 1881 non

294 1938 720 2018 dissimulans,
783 1937 933 2022 quid
995 1959 1134 1999 eum
1176 1949 1438 1998 maneat.
1522 1935 1700 2012 ‘Quo‘
1744 1937 1907 1998 facto
1969 1937 2152 1997 etiam
2187 1936 2317 1996 An-

292 2054 622 2117 dromacha
662 2057 738 2118 ab
783 2055 1164 2116 Achivorum
1204 2074 1392 2113 manu
1434 2053 1502 2112 in
1550 2073 1736 2113 curru
1770 2051 2056 2112 Hectoris
2100 2050 2315 2132 spoliis

291 2182 514 2231 onusto
566 2168 925 2247 abducitur,
979 2169 1158 2229 triste
1205 2168 1582 2250 captivitatis
1628 2168 2063 2247 spectaculum.
2148 2162 2313 2240 Quid

290 2281 459 2364 quod
500 2282 721 2344 Achivi
776 2302 856 2341 ne
902 2281 1172 2340 Helenae
1229 2277 1485 2360 quidem
1550 2292 1848 2359 parcunt,
1912 2283 2080 2355 cujus
2137 2298 2314 2338 recu-

288 2391 602 2473 perandae
647 2414 826 2454 causa
864 2404 959 2453 tot
1001 2393 1241 2452 labores
1284 2389 1640 2452 subierant..
1705 2389 1905 2465 Quam
1952 2389 2122 2452 domi
2168 2411 2312 2451 suae

289 2525 355 2566 se
423 2506 892 2565 interfecturum
966 2524 1094 2564 esse
1156 2501 1520 2584 profitetur,
1552 2504 1889 2564 Menelaus.
1987 2503 2311 2564 Postremo

288 2620 657 2706 Talthybius
700 2620 902 2682 tristia
947 2640 1083 2682 ossa
1104 2620 1494 2701 Astyanactis
1539 2619 1753 2699 affert,
1792 2641 1875 2681 ex
1913 2640 2096 2683 saevo
2124 2619 2328 2681 Achi-

286 2753 511 2796 vorum
557 2731 803 2794 decreto
847 2732 924 2795 de
968 2733 1138 2795 urbis
1177 2753 1360 2795 muro
1403 2732 1643 2810 dejecti.
1729 2731 1868 2808 Quo
1900 2735 2145 2815 sepulto
2184 2735 2309 2795 He-

285 2852 441 2911 cuba
482 2861 545 2910 et
586 2847 858 2910 Troades
899 2849 1096 2910 luctui
1149 2861 1212 2910 et
1253 2849 1538 2911 lamentis
1591 2847 1948 2928 indulgent,
2003 2868 2128 2908 non
2175 2849 2305 2908 sine

281 2939 687 3024 insectatione=
733 2964 1141 3041 Achivorum,
1193 2962 1418 3041 donec,
1484 2961 1699 3024 audito
1761 2964 1948 3024 tubae
2002 2963 2304 3040 clangore,

284 3076 456 3161 quod
493 3078 734 3158 signum
777 3091 910 3140 erat
952 3079 1389 3160 profectionis,
1431 3098 1643 3139 omnes
1688 3066 2000 3139 ad‘naves
2038 3078 2306 3155 compel-

279 3192 532 3270 luntur,
597 3195 818 3274 procul
880 3196 1226 3274 refulgente
1282 3192 1570 3255 incendio
1631 3193 1873 3270 Troiae.
1981 3190 2095 3252 His
2152 3191 2303 3251 satis

281 3317 454 3386 apte,
499 3307 754 3385 opinor,
800 3307 1138 3370 illustravit
1176 3299 1506 3387 Euripides
1538 3305 1918 3368 Achivorum
1960 3302 2299 3379 saevitiam,

278 3417 470 3499 idque
511 3419 632 3497 ita,
695 3433 768 3481 ut
811 3440 1021 3483 omnes
1073 3424 1187 3483 hae
1231 3422 1431 3484 lineae
1473 3420 1801 3501 paullatim
1847 3416 2188 3498 descriptae
2231 3416 2299 3477 in

279 3557 467 3598 unam
524 3549 739 3597 coeant
794 3536 1124 3614 imaginem
1181 3536 1443 3598 crudelis
1500 3534 1816 3599 victoriae.
1909 3533 1981 3594 In
2023 3551 2146 3612 qua
2190 3552 2298 3591 ex-

278 3651 607 3732 primenda
639 3651 949 3713 cardinem
991 3653 1149 3714 verti
1179 3654 1358 3729 hujus
1396 3650 1764 3729 tragoediae,
1808 3650 1907 3712 vel
1935 3646 2079 3708 inde
2105 3660 2297 3728 patet,

281 3764 453 3849 quod
491 3767 556 3826 in
600 3768 860 3847 prologo
904 3768 1083 3844 hujus
1122 3764 1412 3827 saevitiae
1458 3782 1691 3843 poenas
1719 3761 2047 3842 Neptunus
2090 3773 2150 3821 et
2175 3759 2297 3820 Mi-

278 3900 474 3942 nerva
518 3880 948 3942 vaticinantur.
1833 3872 1837 3877 ’
2003 3851 2007 3855 Δ

456 3997 698 4079 Maipa:
760 3996 829 4062 δὲ
890 3995 1194 4079 θνητῶν,
1251 3991 1434 4069 ὅςἐις
1495 3997 1813 4077 ἐκπορθεῖ
1868 3989 2125 4066 πόλεις,

451 4105 663 4181 ναούς
713 4132 784 4173 τε
842 4109 1153 4193 τύμβους
1209 4099 1308 4184 θ’,
1358 4103 1501 4192 ἱεροὶ
1556 4109 1690 4175 τῶν
1748 4099 2187 4189 κεκμηκότων,

382 4203 385 4206 A
453 4221 692 4305 ἐρημίᾳ
742 4215 903 4294 δούς
953 4215 1159 4296 αὐτὸς
1207 4219 1734 4303 ὤλεθήὕστερον
1762 4216 1871 4301 ⁵4)-

391 4467 488 4536 34)
520 4467 716 4520 Troad.
758 4487 801 4518 v.
831 4471 898 4521 95
918 4499 941 4509 -
961 4472 1044 4522 ⁹7.
