<?xml version="1.0" encoding="UTF-8"?>
<!DOCTYPE html PUBLIC "-//W3C//DTD XHTML 1.0 Transitional//EN"
    "http://www.w3.org/TR/xhtml1/DTD/xhtml1-transitional.dtd">
<html xmlns="http://www.w3.org/1999/xhtml" xml:lang="en" lang="en">
 <head>
  <title>
</title>
<meta http-equiv="Content-Type" content="text/html;charset=utf-8" />
  <meta name='ocr-system' content='tesseract 3.04.00' />
  <meta name='ocr-capabilities' content='ocr_page ocr_carea ocr_par ocr_line ocrx_word'/>
</head>
<body>
  <div class='ocr_page' id='page_1' title='image "./deeuripidistroi00plangoog_0045.png"; bbox 0 0 3080 5242; ppageno 0'>
   <div class='ocr_carea' id='block_1_1' title="bbox 1093 597 1553 692">
    <p class='ocr_par' dir='ltr' id='par_1_1' title="bbox 1093 597 1553 692">
     <span class='ocr_line' id='line_1_1' title="bbox 1093 597 1553 692; baseline -0.007 0"><span class='ocrx_word' id='word_1_1' title='bbox 1093 597 1214 672; x_wconf 82' lang='grc'>’-</span> <span class='ocrx_word' id='word_1_2' title='bbox 1299 624 1553 692; x_wconf 81' lang='lat'>37-</span> 
     </span>
    </p>
   </div>
   <div class='ocr_carea' id='block_1_2' title="bbox 315 816 2349 3625">
    <p class='ocr_par' dir='ltr' id='par_1_2' title="bbox 325 816 2349 2028">
     <span class='ocr_line' id='line_1_2' title="bbox 331 816 2349 899; baseline 0 -18"><span class='ocrx_word' id='word_1_3' title='bbox 331 838 501 881; x_wconf 89' lang='lat' dir='ltr'>mum</span> <span class='ocrx_word' id='word_1_4' title='bbox 557 828 806 896; x_wconf 86' lang='lat' dir='ltr'>rogatos</span> <span class='ocrx_word' id='word_1_5' title='bbox 851 816 1108 894; x_wconf 85' lang='lat' dir='ltr'>Melios,</span> <span class='ocrx_word' id='word_1_6' title='bbox 1165 836 1316 878; x_wconf 89' lang='lat' dir='ltr'>num</span> <span class='ocrx_word' id='word_1_7' title='bbox 1372 838 1439 880; x_wconf 89' lang='lat' dir='ltr'>se</span> <span class='ocrx_word' id='word_1_8' title='bbox 1495 817 1796 896; x_wconf 84' lang='lat' dir='ltr'>subjicere</span> <span class='ocrx_word' id='word_1_9' title='bbox 1856 820 2123 899; x_wconf 78' lang='lat' dir='ltr'>vellent,</span> <span class='ocrx_word' id='word_1_10' title='bbox 2185 819 2349 882; x_wconf 86' lang='lat' dir='ltr'>obsi-</span> 
     </span>
     <span class='ocr_line' id='line_1_3' title="bbox 331 929 2349 1012; baseline 0 -19"><span class='ocrx_word' id='word_1_11' title='bbox 331 930 516 993; x_wconf 83' lang='lat' dir='ltr'><strong>dione</strong></span> <span class='ocrx_word' id='word_1_12' title='bbox 561 930 939 1007; x_wconf 86' lang='lat' dir='ltr'>clauserunt,</span> <span class='ocrx_word' id='word_1_13' title='bbox 981 929 1418 1010; x_wconf 83' lang='lat' dir='ltr'>obsessosque,</span> <span class='ocrx_word' id='word_1_14' title='bbox 1479 930 1762 1012; x_wconf 78' lang='lat' dir='ltr'>quamvis</span> <span class='ocrx_word' id='word_1_15' title='bbox 1813 930 2063 993; x_wconf 83' lang='lat' dir='ltr'>fortiter</span> <span class='ocrx_word' id='word_1_16' title='bbox 2101 932 2349 993; x_wconf 86' lang='lat' dir='ltr'>resiste-</span> 
     </span>
     <span class='ocr_line' id='line_1_4' title="bbox 330 1040 2345 1124; baseline 0 -19"><span class='ocrx_word' id='word_1_17' title='bbox 330 1055 471 1106; x_wconf 88' lang='lat' dir='ltr'>rent</span> <span class='ocrx_word' id='word_1_18' title='bbox 493 1086 510 1120; x_wconf 93' lang='lat'>,</span> <span class='ocrx_word' id='word_1_19' title='bbox 585 1053 729 1122; x_wconf 90' lang='lat' dir='ltr'>post</span> <span class='ocrx_word' id='word_1_20' title='bbox 804 1041 1046 1123; x_wconf 79' lang='lat' dir='ltr'><strong>aliquot</strong></span> <span class='ocrx_word' id='word_1_21' title='bbox 1108 1061 1347 1104; x_wconf 86' lang='lat' dir='ltr'>menses</span> <span class='ocrx_word' id='word_1_22' title='bbox 1408 1040 1489 1104; x_wconf 80' lang='lat' dir='ltr'>ad</span> <span class='ocrx_word' id='word_1_23' title='bbox 1552 1042 1931 1105; x_wconf 91' lang='lat' dir='ltr'>deditionem</span> <span class='ocrx_word' id='word_1_24' title='bbox 1996 1056 2345 1124; x_wconf 84' lang='lat' dir='ltr'>coegerunt.</span> 
     </span>
     <span class='ocr_line' id='line_1_5' title="bbox 331 1148 2345 1243; baseline 0 -20"><span class='ocrx_word' id='word_1_25' title='bbox 331 1149 531 1224; x_wconf 77' lang='grc' dir='ltr'>Κατᾶ</span> <span class='ocrx_word' id='word_1_26' title='bbox 610 1148 851 1240; x_wconf 74' lang='grc' dir='ltr'><strong><em>κράτος</em></strong></span> <span class='ocrx_word' id='word_1_27' title='bbox 929 1152 1060 1240; x_wconf 76' lang='grc' dir='ltr'>ἤδη</span> <span class='ocrx_word' id='word_1_28' title='bbox 1131 1148 1723 1242; x_wconf 69' lang='grc' dir='ltr'><strong><em>πολιορκούμενοι,</em></strong></span> <span class='ocrx_word' id='word_1_29' title='bbox 1797 1157 2164 1243; x_wconf 71' lang='grc' dir='ltr'><strong><em>γενομένης</em></strong></span> <span class='ocrx_word' id='word_1_30' title='bbox 2236 1157 2345 1226; x_wconf 75' lang='grc' dir='ltr'>καὶ</span> 
     </span>
     <span class='ocr_line' id='line_1_6' title="bbox 332 1258 2343 1356; baseline 0 -23"><span class='ocrx_word' id='word_1_31' title='bbox 332 1267 699 1352; x_wconf 69' lang='grc' dir='ltr'><strong><em>προδοσίας</em></strong></span> <span class='ocrx_word' id='word_1_32' title='bbox 750 1262 934 1340; x_wconf 74' lang='grc' dir='ltr'><strong><em>τινος</em></strong></span> <span class='ocrx_word' id='word_1_33' title='bbox 976 1258 1088 1352; x_wconf 69' lang='grc' dir='ltr'>ἐφ’</span> <span class='ocrx_word' id='word_1_34' title='bbox 1146 1268 1400 1335; x_wconf 73' lang='grc' dir='ltr'><strong><em>ἑαυτῶν</em></strong></span> <span class='ocrx_word' id='word_1_35' title='bbox 1451 1260 1908 1356; x_wconf 77' lang='grc' dir='ltr'><strong><em>ξυνεχώρησαν</em></strong></span> <span class='ocrx_word' id='word_1_36' title='bbox 1949 1281 2085 1341; x_wconf 74' lang='grc' dir='ltr'>τοῖς</span> <span class='ocrx_word' id='word_1_37' title='bbox 2121 1260 2343 1352; x_wconf 74' lang='grc' dir='ltr'>Ἀθη-</span> 
     </span>
     <span class='ocr_line' id='line_1_7' title="bbox 328 1374 2345 1478; baseline 0 -31"><span class='ocrx_word' id='word_1_38' title='bbox 328 1382 581 1457; x_wconf 73' lang='grc' dir='ltr'><strong><em>ναίοις,</em></strong></span> <span class='ocrx_word' id='word_1_39' title='bbox 655 1374 804 1447; x_wconf 77' lang='grc' dir='ltr'><strong><em>ὥστ’</em></strong></span> <span class='ocrx_word' id='word_1_40' title='bbox 874 1379 1162 1454; x_wconf 74' lang='grc' dir='ltr'>ἐκείνους</span> <span class='ocrx_word' id='word_1_41' title='bbox 1227 1381 1379 1464; x_wconf 74' lang='grc' dir='ltr'><strong><em>περὶ</em></strong></span> <span class='ocrx_word' id='word_1_42' title='bbox 1458 1374 1707 1478; x_wconf 44' lang='grc' dir='ltr'><strong><em>αὐτῶν.</em></strong></span> <span class='ocrx_word' id='word_1_43' title='bbox 1764 1381 2148 1466; x_wconf 76' lang='grc' dir='ltr'><strong><em>βουλεῦσαι.</em></strong></span> <span class='ocrx_word' id='word_1_44' title='bbox 2280 1386 2345 1447; x_wconf 79' lang='grc' dir='ltr'>οἱ</span> 
     </span>
     <span class='ocr_line' id='line_1_8' title="bbox 327 1484 2346 1579; baseline 0 -21"><span class='ocrx_word' id='word_1_45' title='bbox 327 1491 397 1559; x_wconf 78' lang='grc' dir='ltr'>δὲ</span> <span class='ocrx_word' id='word_1_46' title='bbox 441 1484 847 1559; x_wconf 67' lang='grc' dir='ltr'><strong><em>ἀπέκτειναν</em></strong></span> <span class='ocrx_word' id='word_1_47' title='bbox 895 1493 1177 1576; x_wconf 80' lang='grc' dir='ltr'><strong><em>Μηλίων</em></strong></span> <span class='ocrx_word' id='word_1_48' title='bbox 1224 1489 1421 1567; x_wconf 75' lang='grc' dir='ltr'><strong><em>ὅσους</em></strong></span> <span class='ocrx_word' id='word_1_49' title='bbox 1473 1489 1786 1579; x_wconf 70' lang='grc' dir='ltr'><strong><em>ἡβῶντας</em></strong></span> <span class='ocrx_word' id='word_1_50' title='bbox 1830 1494 2120 1579; x_wconf 76' lang='grc' dir='ltr'><strong><em>ἔλαβον,</em></strong></span> <span class='ocrx_word' id='word_1_51' title='bbox 2184 1507 2346 1559; x_wconf 82' lang='grc' dir='ltr'><strong><em>παῖ-</em></strong></span> 
     </span>
     <span class='ocr_line' id='line_1_9' title="bbox 326 1599 2341 1696; baseline 0 -21"><span class='ocrx_word' id='word_1_52' title='bbox 326 1608 446 1683; x_wconf 77' lang='grc' dir='ltr'>δας</span> <span class='ocrx_word' id='word_1_53' title='bbox 476 1608 546 1676; x_wconf 76' lang='grc' dir='ltr'>δὲ</span> <span class='ocrx_word' id='word_1_54' title='bbox 587 1609 697 1675; x_wconf 79' lang='grc' dir='ltr'>καὶ</span> <span class='ocrx_word' id='word_1_55' title='bbox 739 1621 1059 1694; x_wconf 77' lang='grc' dir='ltr'><strong><em>γυναῖκας</em></strong></span> <span class='ocrx_word' id='word_1_56' title='bbox 1098 1603 1619 1693; x_wconf 79' lang='grc' dir='ltr'><strong><em>ἠνδραπόδισαν.</em></strong></span> <span class='ocrx_word' id='word_1_57' title='bbox 1706 1599 1784 1675; x_wconf 71' lang='lat' dir='ltr'>vd</span> <span class='ocrx_word' id='word_1_58' title='bbox 1814 1608 1902 1675; x_wconf 79' lang='grc' dir='ltr'>’δὲ</span> <span class='ocrx_word' id='word_1_59' title='bbox 1942 1607 2179 1696; x_wconf 79' lang='grc' dir='ltr'><strong><em>χωρίον</em></strong></span> <span class='ocrx_word' id='word_1_60' title='bbox 2225 1605 2341 1676; x_wconf 75' lang='grc' dir='ltr'>αὖ·</span> 
     </span>
     <span class='ocr_line' id='line_1_10' title="bbox 326 1711 2344 1809; baseline -0.001 -20"><span class='ocrx_word' id='word_1_61' title='bbox 326 1724 429 1789; x_wconf 73' lang='grc' dir='ltr'>τοὶ</span> <span class='ocrx_word' id='word_1_62' title='bbox 475 1718 776 1809; x_wconf 78' lang='grc' dir='ltr'><strong><em>ᾤκησαν,</em></strong></span> <span class='ocrx_word' id='word_1_63' title='bbox 818 1711 1142 1794; x_wconf 67' lang='grc' dir='ltr'><strong><em>ἐποίκους</em></strong></span> <span class='ocrx_word' id='word_1_64' title='bbox 1173 1716 1453 1802; x_wconf 77' lang='grc' dir='ltr'><strong><em>ὕστερον</em></strong></span> <span class='ocrx_word' id='word_1_65' title='bbox 1494 1719 1977 1798; x_wconf 76' lang='grc' dir='ltr'><strong><em>πεντακοσίους</em></strong></span> <span class='ocrx_word' id='word_1_66' title='bbox 2017 1720 2344 1806; x_wconf 78' lang='grc' dir='ltr'><strong><em>πέμψαν-</em></strong></span> 
     </span>
     <span class='ocr_line' id='line_1_11' title="bbox 325 1827 2342 1914; baseline 0.001 -20"><span class='ocrx_word' id='word_1_67' title='bbox 325 1859 458 1909; x_wconf 66' lang='grc' dir='ltr'>τες.</span> <span class='ocrx_word' id='word_1_68' title='bbox 561 1832 698 1909; x_wconf 83' lang='lat' dir='ltr'>Qua</span> <span class='ocrx_word' id='word_1_69' title='bbox 754 1827 970 1894; x_wconf 69' lang='lat' dir='ltr'>atroci‘</span> <span class='ocrx_word' id='word_1_70' title='bbox 1007 1832 1309 1895; x_wconf 79' lang='lat' dir='ltr'>brevitate</span> <span class='ocrx_word' id='word_1_71' title='bbox 1339 1879 1350 1888; x_wconf 92' lang='lat'><strong>.</strong></span> <span class='ocrx_word' id='word_1_72' title='bbox 1379 1831 1759 1914; x_wconf 84' lang='lat' dir='ltr'>Thucydidis</span> <span class='ocrx_word' id='word_1_73' title='bbox 1831 1831 1910 1894; x_wconf 88' lang='lat' dir='ltr'>ad</span> <span class='ocrx_word' id='word_1_74' title='bbox 1968 1833 2342 1896; x_wconf 84' lang='lat' dir='ltr'>efferendam</span> 
     </span>
     <span class='ocr_line' id='line_1_12' title="bbox 325 1946 2108 2028; baseline 0.001 -20"><span class='ocrx_word' id='word_1_75' title='bbox 325 1947 640 2008; x_wconf 80' lang='lat' dir='ltr'>saevitiam</span> <span class='ocrx_word' id='word_1_76' title='bbox 684 1947 1147 2009; x_wconf 73' lang='lat' dir='ltr'>Atheniensium</span> <span class='ocrx_word' id='word_1_77' title='bbox 1188 1946 1350 2009; x_wconf 85' lang='lat' dir='ltr'>nihil</span> <span class='ocrx_word' id='word_1_78' title='bbox 1388 1960 1594 2028; x_wconf 86' lang='lat' dir='ltr'>potest</span> <span class='ocrx_word' id='word_1_79' title='bbox 1639 1968 1768 2010; x_wconf 89' lang='lat' dir='ltr'>esse</span> <span class='ocrx_word' id='word_1_80' title='bbox 1809 1947 2108 2009; x_wconf 80' lang='lat' dir='ltr'>acerbius.</span> 
     </span>
    </p>

    <p class='ocr_par' dir='ltr' id='par_1_3' title="bbox 315 2059 2341 3625">
     <span class='ocr_line' id='line_1_13' title="bbox 449 2059 2339 2144; baseline 0.001 -21"><span class='ocrx_word' id='word_1_81' title='bbox 449 2062 604 2123; x_wconf 83' lang='lat' dir='ltr'>Acta</span> <span class='ocrx_word' id='word_1_82' title='bbox 647 2063 796 2125; x_wconf 81' lang='lat' dir='ltr'>haec</span> <span class='ocrx_word' id='word_1_83' title='bbox 838 2074 985 2124; x_wconf 89' lang='lat' dir='ltr'>sunt</span> <span class='ocrx_word' id='word_1_84' title='bbox 1024 2061 1226 2124; x_wconf 86' lang='lat' dir='ltr'>hieme</span> <span class='ocrx_word' id='word_1_85' title='bbox 1260 2059 1362 2125; x_wconf 89' lang='lat' dir='ltr'>Ol.</span> <span class='ocrx_word' id='word_1_86' title='bbox 1407 2065 1511 2140; x_wconf 84' lang='lat'>91,</span> <span class='ocrx_word' id='word_1_87' title='bbox 1552 2067 1612 2124; x_wconf 91' lang='lat'>1.</span> <span class='ocrx_word' id='word_1_88' title='bbox 1695 2064 1937 2125; x_wconf 87' lang='lat' dir='ltr'>Verum</span> <span class='ocrx_word' id='word_1_89' title='bbox 1976 2062 2339 2144; x_wconf 69' lang='lat' dir='ltr'>insequente</span> 
     </span>
     <span class='ocr_line' id='line_1_14' title="bbox 325 2167 2341 2258; baseline 0 -23"><span class='ocrx_word' id='word_1_90' title='bbox 325 2186 555 2236; x_wconf 84' lang='lat' dir='ltr'>aestate</span> <span class='ocrx_word' id='word_1_91' title='bbox 593 2175 999 2236; x_wconf 71' lang='lat' dir='ltr'>Athenienses</span> <span class='ocrx_word' id='word_1_92' title='bbox 1044 2171 1257 2235; x_wconf 89' lang='lat' dir='ltr'>eadem</span> <span class='ocrx_word' id='word_1_93' title='bbox 1300 2173 1430 2234; x_wconf 82' lang='lat' dir='ltr'>fere</span> <span class='ocrx_word' id='word_1_94' title='bbox 1474 2167 1864 2248; x_wconf 84' lang='lat' dir='ltr'>crudelitate,</span> <span class='ocrx_word' id='word_1_95' title='bbox 1932 2197 2056 2258; x_wconf 87' lang='lat' dir='ltr'>qua</span> <span class='ocrx_word' id='word_1_96' title='bbox 2095 2175 2164 2236; x_wconf 90' lang='lat' dir='ltr'>in</span> <span class='ocrx_word' id='word_1_97' title='bbox 2205 2177 2341 2237; x_wconf 91' lang='lat' dir='ltr'>Me·</span> 
     </span>
     <span class='ocr_line' id='line_1_15' title="bbox 323 2285 2341 2367; baseline 0.001 -19"><span class='ocrx_word' id='word_1_98' title='bbox 323 2287 442 2350; x_wconf 88' lang='lat' dir='ltr'>lios</span> <span class='ocrx_word' id='word_1_99' title='bbox 484 2290 935 2366; x_wconf 87' lang='lat' dir='ltr'>consuluerant,</span> <span class='ocrx_word' id='word_1_100' title='bbox 972 2288 1040 2348; x_wconf 88' lang='lat' dir='ltr'>in</span> <span class='ocrx_word' id='word_1_101' title='bbox 1081 2307 1223 2349; x_wconf 90' lang='lat' dir='ltr'>suos</span> <span class='ocrx_word' id='word_1_102' title='bbox 1258 2285 1540 2367; x_wconf 87' lang='lat' dir='ltr'>ipsorum</span> <span class='ocrx_word' id='word_1_103' title='bbox 1579 2288 1740 2350; x_wconf 82' lang='lat' dir='ltr'>cives</span> <span class='ocrx_word' id='word_1_104' title='bbox 1783 2288 2156 2353; x_wconf 75' lang='lat' dir='ltr'>saevierunt.</span> <span class='ocrx_word' id='word_1_105' title='bbox 2237 2291 2341 2351; x_wconf 90' lang='lat' dir='ltr'>In-</span> 
     </span>
     <span class='ocr_line' id='line_1_16' title="bbox 325 2399 2339 2484; baseline 0.001 -21"><span class='ocrx_word' id='word_1_106' title='bbox 325 2415 509 2463; x_wconf 86' lang='lat' dir='ltr'>eunte</span> <span class='ocrx_word' id='word_1_107' title='bbox 553 2422 703 2464; x_wconf 75' lang='lat' dir='ltr'>vere</span> <span class='ocrx_word' id='word_1_108' title='bbox 747 2399 849 2465; x_wconf 90' lang='lat' dir='ltr'>Ol.</span> <span class='ocrx_word' id='word_1_109' title='bbox 886 2405 988 2481; x_wconf 84' lang='lat'>91,</span> <span class='ocrx_word' id='word_1_110' title='bbox 1037 2405 1068 2462; x_wconf 92' lang='lat'><strong>1</strong></span> <span class='ocrx_word' id='word_1_111' title='bbox 1092 2446 1111 2479; x_wconf 90' lang='lat'>,</span> <span class='ocrx_word' id='word_1_112' title='bbox 1176 2422 1371 2484; x_wconf 86' lang='lat' dir='ltr'>quum</span> <span class='ocrx_word' id='word_1_113' title='bbox 1423 2402 1611 2481; x_wconf 88' lang='lat' dir='ltr'>legati</span> <span class='ocrx_word' id='word_1_114' title='bbox 1666 2401 1979 2480; x_wconf 80' lang='lat' dir='ltr'>Segestam</span> <span class='ocrx_word' id='word_1_115' title='bbox 2037 2403 2210 2465; x_wconf 87' lang='lat' dir='ltr'>missi</span> <span class='ocrx_word' id='word_1_116' title='bbox 2259 2425 2339 2465; x_wconf 85' lang='lat' dir='ltr'>ex</span> 
     </span>
     <span class='ocr_line' id='line_1_17' title="bbox 321 2516 2339 2598; baseline 0 -19"><span class='ocrx_word' id='word_1_117' title='bbox 321 2517 531 2579; x_wconf 81' lang='lat' dir='ltr'>Sicilia</span> <span class='ocrx_word' id='word_1_118' title='bbox 572 2516 927 2595; x_wconf 86' lang='lat' dir='ltr'>rediissent,</span> <span class='ocrx_word' id='word_1_119' title='bbox 977 2517 1377 2580; x_wconf 83' lang='lat' dir='ltr'>Athenienses</span> <span class='ocrx_word' id='word_1_120' title='bbox 1436 2516 1894 2598; x_wconf 84' lang='lat' dir='ltr'>expeditionem</span> <span class='ocrx_word' id='word_1_121' title='bbox 1925 2516 2008 2579; x_wconf 82' lang='lat' dir='ltr'>’in</span> <span class='ocrx_word' id='word_1_122' title='bbox 2067 2518 2339 2581; x_wconf 85' lang='lat' dir='ltr'>Siciliam</span> 
     </span>
     <span class='ocr_line' id='line_1_18' title="bbox 323 2616 2338 2714; baseline 0 -22"><span class='ocrx_word' id='word_1_123' title='bbox 323 2632 521 2693; x_wconf 76' lang='lat' dir='ltr'>{acere</span> <span class='ocrx_word' id='word_1_124' title='bbox 564 2629 991 2693; x_wconf 77' lang='lat' dir='ltr'>decreverunt.</span> <span class='ocrx_word' id='word_1_125' title='bbox 1074 2629 1245 2706; x_wconf 87' lang='lat' dir='ltr'>Quae</span> <span class='ocrx_word' id='word_1_126' title='bbox 1277 2630 1429 2693; x_wconf 90' lang='lat' dir='ltr'>dum</span> <span class='ocrx_word' id='word_1_127' title='bbox 1470 2643 1731 2712; x_wconf 83' lang='lat' dir='ltr'>paratur</span> <span class='ocrx_word' id='word_1_128' title='bbox 1769 2616 2161 2713; x_wconf 76' lang='lat' dir='ltr'>amplissimis</span> <span class='ocrx_word' id='word_1_129' title='bbox 2201 2633 2338 2714; x_wconf 86' lang='lat' dir='ltr'>opi·</span> 
     </span>
     <span class='ocr_line' id='line_1_19' title="bbox 320 2745 2339 2831; baseline 0 -23"><span class='ocrx_word' id='word_1_130' title='bbox 320 2749 459 2826; x_wconf 86' lang='lat' dir='ltr'>bus,</span> <span class='ocrx_word' id='word_1_131' title='bbox 495 2745 733 2825; x_wconf 88' lang='lat' dir='ltr'>accidit,</span> <span class='ocrx_word' id='word_1_132' title='bbox 774 2761 845 2809; x_wconf 90' lang='lat' dir='ltr'>ut</span> <span class='ocrx_word' id='word_1_133' title='bbox 887 2770 1011 2809; x_wconf 89' lang='lat' dir='ltr'>una</span> <span class='ocrx_word' id='word_1_134' title='bbox 1051 2760 1232 2809; x_wconf 90' lang='lat' dir='ltr'>nocte</span> <span class='ocrx_word' id='word_1_135' title='bbox 1272 2749 1567 2827; x_wconf 89' lang='lat' dir='ltr'>Hermae,</span> <span class='ocrx_word' id='word_1_136' title='bbox 1609 2752 1877 2831; x_wconf 81' lang='lat' dir='ltr'>quorum</span> <span class='ocrx_word' id='word_1_137' title='bbox 1917 2770 2139 2827; x_wconf 88' lang='lat' dir='ltr'>magna</span> <span class='ocrx_word' id='word_1_138' title='bbox 2176 2749 2339 2810; x_wconf 90' lang='lat' dir='ltr'>mul-</span> 
     </span>
     <span class='ocr_line' id='line_1_20' title="bbox 319 2857 2339 2939; baseline 0 -18"><span class='ocrx_word' id='word_1_139' title='bbox 319 2857 527 2921; x_wconf 89' lang='lat' dir='ltr'>titudo</span> <span class='ocrx_word' id='word_1_140' title='bbox 569 2859 637 2919; x_wconf 91' lang='lat' dir='ltr'>in</span> <span class='ocrx_word' id='word_1_141' title='bbox 677 2860 832 2921; x_wconf 90' lang='lat' dir='ltr'>urbe</span> <span class='ocrx_word' id='word_1_142' title='bbox 874 2862 1260 2922; x_wconf 75' lang='lat' dir='ltr'>Athenarum</span> <span class='ocrx_word' id='word_1_143' title='bbox 1302 2873 1453 2939; x_wconf 91' lang='lat' dir='ltr'>erat,</span> <span class='ocrx_word' id='word_1_144' title='bbox 1496 2862 1690 2922; x_wconf 81' lang='lat' dir='ltr'>ferme</span> <span class='ocrx_word' id='word_1_145' title='bbox 1729 2881 1941 2923; x_wconf 90' lang='lat' dir='ltr'>omnes</span> <span class='ocrx_word' id='word_1_146' title='bbox 1975 2862 2130 2921; x_wconf 86' lang='lat' dir='ltr'>clam</span> <span class='ocrx_word' id='word_1_147' title='bbox 2160 2868 2339 2922; x_wconf 75' lang='lat' dir='ltr'>trun-</span> 
     </span>
     <span class='ocr_line' id='line_1_21' title="bbox 321 2970 2338 3052; baseline 0.002 -21"><span class='ocrx_word' id='word_1_148' title='bbox 321 2983 629 3039; x_wconf 84' lang='lat' dir='ltr'>carentur.</span> <span class='ocrx_word' id='word_1_149' title='bbox 712 2973 974 3051; x_wconf 87' lang='lat' dir='ltr'>Magnus</span> <span class='ocrx_word' id='word_1_150' title='bbox 1017 2970 1162 3033; x_wconf 91' lang='lat' dir='ltr'>inde</span> <span class='ocrx_word' id='word_1_151' title='bbox 1203 2991 1404 3052; x_wconf 77' lang='lat' dir='ltr'>pavor</span> <span class='ocrx_word' id='word_1_152' title='bbox 1427 2972 1738 3034; x_wconf 86' lang='lat' dir='ltr'>civitatem</span> <span class='ocrx_word' id='word_1_153' title='bbox 1771 2973 2038 3052; x_wconf 86' lang='lat' dir='ltr'>incessit,</span> <span class='ocrx_word' id='word_1_154' title='bbox 2075 2973 2338 3035; x_wconf 86' lang='lat' dir='ltr'>obscuro</span> 
     </span>
     <span class='ocr_line' id='line_1_22' title="bbox 316 3085 2336 3164; baseline 0 -17"><span class='ocrx_word' id='word_1_155' title='bbox 316 3085 620 3162; x_wconf 81' lang='lat' dir='ltr'>facinore3</span> <span class='ocrx_word' id='word_1_156' title='bbox 661 3104 775 3146; x_wconf 92' lang='lat' dir='ltr'>nec</span> <span class='ocrx_word' id='word_1_157' title='bbox 815 3085 1018 3147; x_wconf 87' lang='lat' dir='ltr'>solum</span> <span class='ocrx_word' id='word_1_158' title='bbox 1057 3085 1458 3164; x_wconf 82' lang='lat' dir='ltr'>angebantur,</span> <span class='ocrx_word' id='word_1_159' title='bbox 1498 3105 1579 3145; x_wconf 91' lang='lat' dir='ltr'>ne</span> <span class='ocrx_word' id='word_1_160' title='bbox 1616 3085 1820 3147; x_wconf 88' lang='lat' dir='ltr'>classis</span> <span class='ocrx_word' id='word_1_161' title='bbox 1862 3107 1971 3147; x_wconf 88' lang='lat' dir='ltr'>sua</span> <span class='ocrx_word' id='word_1_162' title='bbox 2002 3086 2164 3147; x_wconf 89' lang='lat' dir='ltr'>malo</span> <span class='ocrx_word' id='word_1_163' title='bbox 2187 3085 2336 3147; x_wconf 88' lang='lat' dir='ltr'>alite</span> 
     </span>
     <span class='ocr_line' id='line_1_23' title="bbox 318 3197 2333 3280; baseline -0 -20"><span class='ocrx_word' id='word_1_164' title='bbox 318 3200 562 3261; x_wconf 81' lang='lat' dir='ltr'>exitura</span> <span class='ocrx_word' id='word_1_165' title='bbox 601 3211 797 3277; x_wconf 86' lang='lat' dir='ltr'>esset,</span> <span class='ocrx_word' id='word_1_166' title='bbox 836 3198 946 3261; x_wconf 89' lang='lat' dir='ltr'>sed</span> <span class='ocrx_word' id='word_1_167' title='bbox 985 3197 1171 3260; x_wconf 88' lang='lat' dir='ltr'>etiam</span> <span class='ocrx_word' id='word_1_168' title='bbox 1212 3210 1474 3280; x_wconf 86' lang='lat' dir='ltr'>propter</span> <span class='ocrx_word' id='word_1_169' title='bbox 1511 3198 1997 3278; x_wconf 81' lang='lat' dir='ltr'>magnitudinem</span> <span class='ocrx_word' id='word_1_170' title='bbox 2038 3198 2333 3261; x_wconf 79' lang='lat' dir='ltr'>facinoris</span> 
     </span>
     <span class='ocr_line' id='line_1_24' title="bbox 316 3311 2335 3394; baseline -0.002 -18"><span class='ocrx_word' id='word_1_171' title='bbox 316 3334 603 3394; x_wconf 86' lang='lat' dir='ltr'>magnam·</span> <span class='ocrx_word' id='word_1_172' title='bbox 640 3316 974 3377; x_wconf 87' lang='lat' dir='ltr'>multorum</span> <span class='ocrx_word' id='word_1_173' title='bbox 1018 3315 1501 3393; x_wconf 87' lang='lat' dir='ltr'>conjurationem</span> <span class='ocrx_word' id='word_1_174' title='bbox 1558 3314 1858 3376; x_wconf 86' lang='lat' dir='ltr'>timebant</span> <span class='ocrx_word' id='word_1_175' title='bbox 1912 3311 1991 3374; x_wconf 90' lang='lat' dir='ltr'>ad</span> <span class='ocrx_word' id='word_1_176' title='bbox 2052 3323 2335 3374; x_wconf 79' lang='lat' dir='ltr'>everten-</span> 
     </span>
     <span class='ocr_line' id='line_1_25' title="bbox 319 3427 2331 3510; baseline -0.001 -20"><span class='ocrx_word' id='word_1_177' title='bbox 319 3427 465 3490; x_wconf 91' lang='lat' dir='ltr'>dum</span> <span class='ocrx_word' id='word_1_178' title='bbox 520 3429 889 3510; x_wconf 84' lang='lat' dir='ltr'>popularem</span> <span class='ocrx_word' id='word_1_179' title='bbox 946 3440 1171 3491; x_wconf 86' lang='lat' dir='ltr'>statum</span> <span class='ocrx_word' id='word_1_180' title='bbox 1221 3429 1601 3510; x_wconf 88' lang='lat' dir='ltr'>reipublicae</span> <span class='ocrx_word' id='word_1_181' title='bbox 1644 3428 2093 3509; x_wconf 84' lang='lat' dir='ltr'>pertinentem,</span> <span class='ocrx_word' id='word_1_182' title='bbox 2146 3446 2331 3510; x_wconf 87' lang='lat' dir='ltr'>quam</span> 
     </span>
     <span class='ocr_line' id='line_1_26' title="bbox 315 3540 1968 3625; baseline -0.002 -20"><span class='ocrx_word' id='word_1_183' title='bbox 315 3543 674 3624; x_wconf 88' lang='lat' dir='ltr'>opinionem</span> <span class='ocrx_word' id='word_1_184' title='bbox 716 3542 1044 3624; x_wconf 85' lang='lat' dir='ltr'>diligenter</span> <span class='ocrx_word' id='word_1_185' title='bbox 1085 3540 1334 3625; x_wconf 83' lang='lat' dir='ltr'>quidam</span> <span class='ocrx_word' id='word_1_186' title='bbox 1378 3543 1658 3604; x_wconf 87' lang='lat' dir='ltr'>homines</span> <span class='ocrx_word' id='word_1_187' title='bbox 1701 3543 1968 3602; x_wconf 89' lang='lat' dir='ltr'>alebant.</span> 
     </span>
    </p>
   </div>
   <div class='ocr_carea' id='block_1_3' title="bbox 314 3673 2336 4442">
    <p class='ocr_par' dir='ltr' id='par_1_4' title="bbox 314 3673 2336 4442">
     <span class='ocr_line' id='line_1_27' title="bbox 444 3673 2330 3756; baseline -0.002 -19"><span class='ocrx_word' id='word_1_188' title='bbox 444 3675 797 3739; x_wconf 83' lang='lat' dir='ltr'>Convocata</span> <span class='ocrx_word' id='word_1_189' title='bbox 855 3678 1172 3756; x_wconf 82' lang='lat' dir='ltr'>extemplo</span> <span class='ocrx_word' id='word_1_190' title='bbox 1233 3675 1523 3737; x_wconf 87' lang='lat' dir='ltr'>concione</span> <span class='ocrx_word' id='word_1_191' title='bbox 1547 3719 1564 3751; x_wconf 93' lang='lat'><strong><em>‚</em></strong></span> <span class='ocrx_word' id='word_1_192' title='bbox 1640 3676 1881 3738; x_wconf 84' lang='lat' dir='ltr'>senatui</span> <span class='ocrx_word' id='word_1_193' title='bbox 1948 3677 2063 3737; x_wconf 87' lang='lat' dir='ltr'>hac</span> <span class='ocrx_word' id='word_1_194' title='bbox 2122 3673 2199 3737; x_wconf 93' lang='lat' dir='ltr'>de</span> <span class='ocrx_word' id='word_1_195' title='bbox 2260 3693 2330 3734; x_wconf 91' lang='lat' dir='ltr'>re</span> 
     </span>
     <span class='ocr_line' id='line_1_28' title="bbox 318 3785 2336 3872; baseline -0 -24"><span class='ocrx_word' id='word_1_196' title='bbox 318 3789 506 3870; x_wconf 89' lang='lat' dir='ltr'>plena</span> <span class='ocrx_word' id='word_1_197' title='bbox 547 3789 768 3869; x_wconf 87' lang='lat' dir='ltr'>agendi</span> <span class='ocrx_word' id='word_1_198' title='bbox 823 3789 1006 3852; x_wconf 88' lang='lat' dir='ltr'>datur</span> <span class='ocrx_word' id='word_1_199' title='bbox 1047 3800 1348 3870; x_wconf 85' lang='lat' dir='ltr'>potestas,</span> <span class='ocrx_word' id='word_1_200' title='bbox 1406 3798 1695 3849; x_wconf 85' lang='lat' dir='ltr'>creantur</span> <span class='ocrx_word' id='word_1_201' title='bbox 1753 3789 2025 3872; x_wconf 69' lang='grc' dir='ltr'>ζητηταὶ</span> <span class='ocrx_word' id='word_1_202' title='bbox 2084 3785 2336 3848; x_wconf 76' lang='lat' dir='ltr'>investi·</span> 
     </span>
     <span class='ocr_line' id='line_1_29' title="bbox 315 3898 2329 3984; baseline -0.002 -20"><span class='ocrx_word' id='word_1_203' title='bbox 315 3903 516 3983; x_wconf 85' lang='lat' dir='ltr'>gando</span> <span class='ocrx_word' id='word_1_204' title='bbox 560 3905 792 3981; x_wconf 88' lang='lat' dir='ltr'>sceleri,</span> <span class='ocrx_word' id='word_1_205' title='bbox 835 3903 1232 3984; x_wconf 77' lang='lat' dir='ltr'>praemiaque</span> <span class='ocrx_word' id='word_1_206' title='bbox 1271 3901 1348 3962; x_wconf 90' lang='lat' dir='ltr'>iis</span> <span class='ocrx_word' id='word_1_207' title='bbox 1391 3898 1829 3978; x_wconf 89' lang='lat' dir='ltr'>decernuntur,</span> <span class='ocrx_word' id='word_1_208' title='bbox 1884 3901 1995 3984; x_wconf 81' lang='lat' dir='ltr'>qui</span> <span class='ocrx_word' id='word_1_209' title='bbox 2035 3898 2329 3961; x_wconf 88' lang='lat' dir='ltr'>indicium</span> 
     </span>
     <span class='ocr_line' id='line_1_30' title="bbox 315 4014 2329 4098; baseline -0.001 -19"><span class='ocrx_word' id='word_1_210' title='bbox 315 4019 608 4080; x_wconf 79' lang='lat' dir='ltr'>facerent.</span> <span class='ocrx_word' id='word_1_211' title='bbox 689 4017 933 4080; x_wconf 88' lang='lat' dir='ltr'>Deinde</span> <span class='ocrx_word' id='word_1_212' title='bbox 973 4017 1219 4079; x_wconf 87' lang='lat' dir='ltr'>nemine</span> <span class='ocrx_word' id='word_1_213' title='bbox 1261 4014 1610 4098; x_wconf 83' lang='lat' dir='ltr'>prodeunte</span> <span class='ocrx_word' id='word_1_214' title='bbox 1652 4014 1733 4078; x_wconf 89' lang='lat' dir='ltr'>ad</span> <span class='ocrx_word' id='word_1_215' title='bbox 1781 4015 2094 4093; x_wconf 74' lang='lat' dir='ltr'>indicium,</span> <span class='ocrx_word' id='word_1_216' title='bbox 2136 4035 2329 4097; x_wconf 84' lang='lat' dir='ltr'>quum</span> 
     </span>
     <span class='ocr_line' id='line_1_31' title="bbox 314 4125 2332 4215; baseline -0.003 -21"><span class='ocrx_word' id='word_1_217' title='bbox 314 4136 437 4211; x_wconf 86' lang='lat' dir='ltr'>jam</span> <span class='ocrx_word' id='word_1_218' title='bbox 479 4133 586 4193; x_wconf 87' lang='lat' dir='ltr'>alii</span> <span class='ocrx_word' id='word_1_219' title='bbox 628 4134 703 4195; x_wconf 87' lang='lat' dir='ltr'>ab</span> <span class='ocrx_word' id='word_1_220' title='bbox 745 4134 881 4194; x_wconf 88' lang='lat' dir='ltr'>aliis</span> <span class='ocrx_word' id='word_1_221' title='bbox 926 4134 990 4194; x_wconf 88' lang='lat' dir='ltr'>in</span> <span class='ocrx_word' id='word_1_222' title='bbox 1032 4132 1443 4215; x_wconf 86' lang='lat' dir='ltr'>suspicionem</span> <span class='ocrx_word' id='word_1_223' title='bbox 1484 4143 1881 4208; x_wconf 77' lang='lat' dir='ltr'>vocarentur,</span> <span class='ocrx_word' id='word_1_224' title='bbox 1931 4129 2187 4209; x_wconf 85' lang='lat' dir='ltr'>insuper</span> <span class='ocrx_word' id='word_1_225' title='bbox 2224 4125 2332 4189; x_wconf 87' lang='lat' dir='ltr'>de·</span> 
     </span>
     <span class='ocr_line' id='line_1_32' title="bbox 318 4242 2330 4330; baseline -0.004 -23"><span class='ocrx_word' id='word_1_226' title='bbox 318 4247 617 4323; x_wconf 87' lang='lat' dir='ltr'>cernitur,</span> <span class='ocrx_word' id='word_1_227' title='bbox 660 4260 763 4324; x_wconf 87' lang='lat' dir='ltr'>ut,</span> <span class='ocrx_word' id='word_1_228' title='bbox 824 4247 1178 4330; x_wconf 86' lang='lat' dir='ltr'>quicunque</span> <span class='ocrx_word' id='word_1_229' title='bbox 1231 4244 1398 4308; x_wconf 87' lang='lat' dir='ltr'>aliud</span> <span class='ocrx_word' id='word_1_230' title='bbox 1461 4244 1797 4327; x_wconf 85' lang='lat' dir='ltr'>impietatis</span> <span class='ocrx_word' id='word_1_231' title='bbox 1837 4242 2067 4304; x_wconf 87' lang='lat' dir='ltr'>crimen</span> <span class='ocrx_word' id='word_1_232' title='bbox 2105 4250 2330 4316; x_wconf 85' lang='lat' dir='ltr'>nosset,</span> 
     </span>
     <span class='ocr_line' id='line_1_33' title="bbox 317 4356 2331 4442; baseline -0.003 -22"><span class='ocrx_word' id='word_1_233' title='bbox 317 4358 380 4421; x_wconf 90' lang='lat' dir='ltr'>id</span> <span class='ocrx_word' id='word_1_234' title='bbox 426 4359 692 4422; x_wconf 74' lang='lat' dir='ltr'>deferret</span> <span class='ocrx_word' id='word_1_235' title='bbox 736 4360 986 4442; x_wconf 88' lang='lat' dir='ltr'>impune</span> <span class='ocrx_word' id='word_1_236' title='bbox 1029 4360 1494 4442; x_wconf 87' lang='lat' dir='ltr'>praemiumque</span> <span class='ocrx_word' id='word_1_237' title='bbox 1547 4357 1871 4438; x_wconf 80' lang='lat' dir='ltr'>acciperet.</span> <span class='ocrx_word' id='word_1_238' title='bbox 1966 4356 2122 4417; x_wconf 90' lang='lat' dir='ltr'>Tum</span> <span class='ocrx_word' id='word_1_239' title='bbox 2177 4375 2331 4436; x_wconf 83' lang='lat' dir='ltr'>qua-</span> 
     </span>
    </p>
   </div>
  </div>
 </body>
</html>
