3080 5242
1689 546 2109 617 -44-

895 748 1211 829 demagogi
1270 747 1349 810 ad
1410 748 1637 826 iniusta
1690 745 1915 827 judicia
1967 743 2221 808 ferenda
2275 740 2680 806 induceb‘ant
2737 758 2797 807 et
2844 756 2875 807 at

896 884 1080 925 saeva
1122 863 1522 943 impellebant
1563 858 1828 922 decreta.

1019 977 1259 1038 Verum
1297 996 1625 1058 quemnam
1666 973 1859 1054 ipsius
1899 968 2243 1033 Palamedis
2284 989 2560 1051 persona
2602 970 2877 1052 Euripides

899 1085 1243 1169 expressit?
1284 1088 1624 1151 Schoellius
1667 1100 1869 1149 censet
1897 1088 2234 1168 sophistam
2263 1085 2633 1168 significari,
2678 1087 2877 1148 fortasse

895 1205 1241 1286 principem
1276 1206 1725 1287 sophistarum,
1770 1204 1879 1287 qui
1922 1216 2054 1265 tum
2094 1203 2424 1279 florebant,
2493 1204 2873 1284 Protagoram.

895 1316 1243 1399 Sophistae‚
1287 1317 1456 1400 quod
1497 1317 1754 1379 liberius
1798 1315 1874 1379 de
1916 1314 2034 1377 diis
2074 1316 2392 1392 sentirent,
2432 1316 2870 1383 Atheniensibus

897 1409 1472 1525 dudum'suspecti,
1537 1453 1854 1515 nunquam
1904 1432 2037 1494 sine
2081 1431 2355 1511 periculo
2406 1432 2687 1494 Athenis
2729 1432 2868 1494 versa·

897 1546 1144 1607 bantur.
1229 1546 1522 1608 Exstabat
1579 1548 1743 1632 enim
1765 1549 1770 1553 ’
1792 1546 2013 1627 populi
2054 1545 2275 1606 scitum
2316 1545 2633 1626 Diopithe
2681 1558 2866 1607 auctore

896 1659 1125 1720 iactum
1164 1659 1419 1747 Periclis
1462 1672 1775 1739 tempore,
1830 1658 2370 1743 εἰςαγγέλλὲσθαι
2409 1651 2572 1730 τούς
2622 1654 2711 1724 τοὶ
2765 1666 2864 1722 θεῖα

899 1764 998 1855 μὴ
1037 1771 1442 1853 νομίζοντας
1479 1765 1524 1855 ἢ
1567 1768 1801 1855 λόγους
1830 1771 1977 1853 περὶ
2012 1745 2143 1835 τῶν
2170 1769 2547 1852 μεταρσίων
2566 1766 2862 1836 διδάσκοι·-

899 1909 1046 1960 τας.
1109 1885 1345 1965 ltaque
1380 1879 1640 1944 subinde
1667 1882 1952 1973 nonnulli
1977 1882 2229 1942 illorum
2260 1882 2523 1942 accusati
2554 1894 2622 1943 et
2652 1878 2862 1944 damuati

900 2009 1063 2060 sunt.
1147 1997 1270 2060 Sed
1315 1998 1578 2058 multum
1620 1998 1999 2087 augebantur
2055 2016 2265 2058 eorum
2325 1996 2608 2077 pericula
2657 1994 2860 2059 turbidis

900 2110 1305 2192 temporibus,
1351 2111 1459 2171 ubi
1498 2111 1691 2171 animi
1731 2110 2197 2172 Atheniensium
2244 2110 2535 2179 commoti
2576 2132 2653 2171 ac
2686 2107 2864 2172 turbati

828 2255 836 2264 ·
899 2225 980 2288 ad
1022 2225 1430 2308 suspicionem
1472 2239 1674 2288 essent
1727 2226 2179 2308 propensiores.
2282 2227 2443 2285 Tum
2502 2225 2861 2288 creberrimae

899 2340 1329 2420 accusationes,
1370 2339 1626 2420 plurimi
1674 2344 1843 2401 Casus
1888 2338 2206 2401 hominum
2230 2338 2649 2400 literatorum.
2731 2332 2864 2414 Quod

809 2501 817 2509 .
897 2452 1011 2512 illo
1055 2472 1303 2534 quoque
1349 2464 1627 2533 tempore
1672 2445 1792 2514 usu'
1821 2453 2078 2528 venisse,
2121 2474 2200 2513 ex
2241 2450 2611 2534 quibusdam
2643 2450 2866 2530 vestigiis

895 2563 1066 2646 apud
1107 2567 1585 2649 Aristophanem
1627 2567 2040 2647 intelligimus.
2128 2566 2222 2630 Cf.
2263 2569 2381 2631 Av.
2429 2571 2595 2633 1072
2640 2583 2702 2632 et
2724 2571 2868 2632 1694.

800 2765 810 2776 ·
900 2682 1300 2763 Protagoram
1341 2694 1544 2742 autem
1560 2726 1579 2760 ,
1636 2683 1747 2764 qui
1803 2681 1909 2743 diu
1963 2683 2221 2744 Athenis
2277 2683 2436 2744 vixit
2480 2695 2546 2744 et
2565 2677 2568 2680 ¹
2586 2685 2669 2746 in‘
2700 2703 2870 2761 magns

899 2799 1262 2860 auctoritate
1308 2810 1440 2859 erat
1480 2796 1645 2879 apud
1687 2798 2122 2876 Athenienses,
2180 2800 2259 2860 ob
2303 2798 2450 2859 libri
2490 2799 2749 2877 alicujus
2784 2796 2868 2856 ini·

896 2910 1057 2971 tium
1111 2924 1455 2988 accusatum
1513 2932 1640 2973 esse
1704 2912 1944 2973 scimus.
2003 2889 2007 2894 Ι
2054 2914 2188 2973 Jam
2264 2924 2543 2974 metuens
2624 2915 2868 2975 ultimum

898 3024 1269 3110 supplicium
1309 3026 1569 3087 Athenis
1610 3025 1769 3103 fugit
1810 3037 1872 3086 et
1912 3026 1981 3085 in
2020 3026 2241 3087 itinere
2283 3026 2485 3106 periit.
2594 3027 2867 3107 Diogenes

898 3136 1180 3199 Laertius
1217 3142 1279 3214 9,
1320 3140 1379 3214 8,
1423 3140 1461 3199 3
1521 3137 1712 3199 verba
1759 3137 1896 3218 ipsa
1930 3111 2122 3198 tradit
2139 3182 2157 3217 ,
2223 3140 2302 3200 ob
2366 3158 2557 3221 quae·
2583 3138 2866 3203 damnatus

900 3263 1018 3313 est:
1064 3251 1228 3334 Περὶ
1290 3253 1424 3334 μὲν
1487 3251 1669 3316 θεῶν
1724 3243 1841 3315 οὐκ
1883 3254 2003 3339 ἔχω
2046 3251 2329 3331 εἰδέναι,
2392 3246 2525 3318 εἴθ’
2590 3249 2690 3331 ὦς
2731 3253 2869 3325 εἰσὶν,

897 3360 1024 3433 εἴθ’
1068 3357 1151 3437 ὥς
1192 3358 1314 3431 οὐκ
1358 3362 1548 3454 εἰσίν.
1636 3362 1850 3433 πολλοὶ
1884 3362 2042 3452 γάρ
2099 3361 2185 3435 τοὶ
2244 3366 2584 3435 ’κωλύοντα
2648 3344 2869 3442 εἰδέναι,

880 3474 939 3563 ἦ
982 3504 1055 3545 τε
1095 3472 1426 3562 ἀδηλότης
1470 3474 1891 3568 καὶβραχΰέ
1929 3476 2024 3570 ὢν
2059 3474 2094 3546 ὁ
2135 3481 2290 3566 βίος
2340 3483 2464 3547 τού
2508 3475 2873 3566 ἀνθρώπου·

895 3592 1066 3656 Idem
1106 3593 1298 3655 tradit
1339 3596 1552 3674 paullo
1594 3595 1791 3655 infra:
1838 3596 1989 3678 φησὶ
2034 3593 2103 3660 δὲ
2155 3591 2540 3684 Φιλόχορος,
2582 3595 2874 3663 πλέοντος

899 3697 1113 3772 αὐτοῦ
1152 3712 1219 3781 ἐς
1263 3709 1609 3786 Σικελίαν,
1669 3704 1793 3791 τήν
1850 3709 2030 3776 ναῦν
2073 3710 2753 3793 καταποντισθῆναι,
2798 3705 2876 3772 καὶ

899 3819 1098 3884 τοῦτο
1160 3821 1584 3887 αἰνίττεσθαι
1639 3820 2016 3905 Εὐριπίδην
2067 3827 2140 3888 ἐν
2196 3824 2286 3910 τῷ
2344 3814 2596 3899 Ἰξίονι.
2714 3827 2877 3900 Hujus

895 3947 1159 3998 mortem
1201 3904 1713 4016 duemadmodum
1757 3937 1826 3997 in
1860 3936 2072 3997 Ixione
2100 3935 2425 4016 Euripides
2451 3935 2880 4022 significaverit,

895 4052 981 4114 sic
1023 4049 1469 4113 accusationem
1512 4066 1576 4115 et
1616 4052 2068 4140 damnationem
2108 4053 2173 4116 in
2196 4051 2517 4117 Palamede
2562 4053 2882 4118 illustrasse

896 4167 1236 4229 Schoellius
1259 4178 1481 4228 censet.
1564 4167 1895 4247 Aptissime
1925 4188 2090 4244 vero,
2131 4168 2236 4245 ait,
2268 4164 2679 4245 Palamedem,
2722 4187 2885 4251 quem

896 4280 1015 4360 ipsi
1062 4281 1371 4362 sophistae
1410 4278 1789 4350 conditorem
1832 4282 1981 4343 artis
2022 4302 2166 4344 suae
2199 4281 2655 4362 praedicabant,
2704 4284 2884 4363 elegit,
