3080 5242
954 552 1330 618 ..9-

180 722 455 784 niensibus
496 734 629 784 erat
666 722 1028 803 gratissima.
1135 722 1218 784 Et
1272 722 1420 785 scite
1471 719 1802 802 Euripides
1868 743 2003 782 eam
2053 743 2153 783 re·

173 837 389 913 gionem
426 849 603 898 vocat
663 838 981 910 Φοινίκας
1042 830 1331 922 ἀντήρη,
1381 859 1573 920 quum
1636 836 1909 899 Siciliam
1962 837 2154 897 Athe-

170 949 382 1010 nienses
436 950 702 1010 maxime
746 950 825 1010 ob
868 948 1315 1028 amplissimum
1360 971 1498 1011 cum
1554 948 1925 1028 Carthagine
1992 968 2156 1009 com-

170 1063 435 1123 mercium
497 1073 879 1142 expeterent.
967 1058 1133 1135 Quid
1198 1061 1369 1143 quod
1425 1062 1778 1123 societatem
1837 1059 2157 1139 Carthagi-

160 1177 442 1237 niensium
508 1177 848 1237 ambierant
920 1174 1000 1236 ad
1055 1176 1472 1256 Syracusanos
1558 1157 2002 1256 opprimendos
2048 1171 2156 1259 ¹4).

157 1287 281 1349 Nec
317 1290 506 1351 minus
547 1302 694 1352 tunc
732 1290 1084 1351 Italicarum
1128 1290 1449 1354 civitatum
1504 1292 1759 1353 societas
1815 1270 2157 1351 Athenien-

153 1401 314 1464 sibus
354 1415 475 1464 erat
520 1424 720 1469 curae.
815 1401 942 1467 Sed
994 1405 1332 1486 pleraeque
1388 1414 1858 1480 recusaverant,
1914 1401 2157 1483 quomi-

148 1536 263 1576 nus
300 1515 372 1578 ad
407 1518 760 1579 societatem
800 1519 1276 1579 Atheniensium
1320 1518 1700 1581 accederent.
1784 1516 2007 1578 Thurii
2031 1514 2159 1576 'au-

147 1640 272 1688 tem
312 1649 517 1691 eorum
560 1633 813 1694 classem
854 1633 923 1723 in
968 1632 1242 1694 Siciliam
1282 1634 1861 1714 praetervehentem
1918 1651 2156 1692 summa

144 1746 565 1807 benevolentia
606 1747 772 1828 apud
815 1770 879 1810 se
931 1762 1301 1829 exceperant
1345 1750 1746 1830 omniumque
1801 1768 2013 1808 rerum
2056 1765 2156 1808 co·

139 1857 263 1937 piis
303 1858 769 1921 sublevaverant
804 1858 911 1943 1⁵).
994 1861 1156 1921 Hinc
1212 1859 1426 1922 laudes
1485 1861 1868 1923 Thuriorum
1914 1861 1989 1921 ab
2030 1861 2157 1920 Eu-

136 1969 340 2051 ripide
377 1994 490 2052 per
534 1973 790 2036 Crathin
846 1975 1108 2038 fluvium
1150 1977 1543 2057 significatae.
1628 1979 1901 2039 Athenas
1950 1989 2157 2038 autem

134 2090 302 2168 ipsas
339 2090 540 2170 primo
586 2092 724 2153 loco
771 2091 1015 2154 laudari
1069 2093 1209 2174 quis
1268 2104 1395 2171 est,
1451 2093 1563 2174 qui
1617 2088 1924 2154 miretur?
1993 2093 2157 2153 Tum

132 2202 415 2285 sequitur
460 2205 840 2285 vituperatio
881 2206 1161 2285 Spartae.
1256 2206 1421 2267 Nam
1479 2206 1595 2266 etsi
1653 2215 1784 2266 tum
1835 2226 1963 2286 pax
2022 2216 2157 2266 erat

127 2317 613 2380 Atheniensibus
690 2341 830 2380 cum
895 2318 1253 2399 Spartanis,
1311 2329 1521 2377 tamen
1590 2329 1876 2379 mutuum
1943 2336 2158 2377 eorum

125 2430 348 2492 odium
393 2431 460 2490 in
502 2431 634 2492 dies
678 2432 993 2510 gliscebat.
1088 2428 1334 2492 Deinde
1391 2429 1709 2490 Thessalia
1778 2448 1917 2489 cum
1972 2427 2157 2492 laude

121 2543 490 2607 nominatur
502 2566 521 2624 3
578 2548 747 2623 cujus
805 2543 1139 2605 amicitiam
1200 2541 1605 2604 Athenienses
1666 2539 1937 2603 studiose
1996 2543 2158 2603 cole-

120 2662 295 2737 bant,
325 2679 407 2719 ex
447 2677 572 2740 quo
614 2669 757 2718 ante
799 2670 1158 2734 tresvannos
1195 2651 1534 2735 Perdiccas,
1567 2654 1975 2717 Macedonum
2018 2677 2153 2734 rex,

117 2795 155 2832 a
198 2771 491 2853 partibus
532 2790 748 2832 eorum
793 2770 1116 2832 defecerat.
1199 2771 1387 2836 Initio
1431 2768 1657 2850 parodi
1696 2770 1920 2830 Pirene
1979 2770 2153 2830 fonte

110 2895 470 2947 memorato
517 2882 851 2944 Corinthus
890 2883 1318 2964 vituperatur,
1376 2884 1859 2944 Atheniensibus
1920 2878 2155 2941 dudum

110 2996 543 3060 infestissima.
628 2996 730 3057 Sic
775 2997 1054 3057 Athenae
1122 3009 1183 3057 et
1236 2996 1386 3057 socii
1450 2994 1814 3073 laudantur,
1875 2994 1952 3056 iis
2002 3014 2154 3057 vero

110 3107 512 3186 civitatibus,
560 3130 715 3190 quae
760 3121 896 3170 tum
937 3109 1146 3170 hostes
1203 3121 1413 3188 erant,
1481 3085 1883 3172 obtrectatur.
1986 3101 2153 3182 Quid

106 3219 378 3285 autem?
418 3221 642 3283 Nonne
682 3222 833 3284 haec
879 3222 1063 3283 etiam
1107 3242 1467 3301 magnorum
1514 3220 1965 3304 Dionysiorum
1993 3232 2151 3281 tem-

105 3335 263 3418 pori
321 3332 750 3397 conveniunt?
852 3335 998 3396 Non
1048 3348 1224 3417 puto.
1305 3335 1526 3417 Neque
1585 3335 1750 3396 enim
1805 3332 2152 3414 EuripideS,

105 3449 231 3510 nisi
277 3448 759 3509 Atheniensium
803 3449 1108 3509 exercitus
1162 3453 1285 3524 jam
1344 3448 1409 3509 in
1453 3448 1663 3509 Sicilia
1724 3447 1967 3525 fuisset,
2023 3457 2153 3505 tam

105 3564 327 3625 multis
362 3563 574 3625 verbis
604 3563 876 3626 Siciliam
906 3573 968 3623 et
997 3537 1264 3624 Thurios
1303 3574 1870 3638 commemorasset,
1914 3560 2149 3642 quippe

105 3681 216 3764 Jui
281 3678 757 3761 expeditionem
814 3678 1122 3740 Sicilicam
1183 3690 1245 3738 et
1299 3677 1621 3757 magnifica
1676 3676 2150 3739 Atheniensium

105 3793 376 3855 tonsilia
437 3812 564 3854 non
620 3793 951 3858 admodum
1011 3795 1327 3877 probaret.
1429 3791 1614 3869 Quod
1676 3792 1897 3874 colligo
1956 3814 2150 3877 quum

243 4084 355 4151 14)
392 4081 567 4136 Thuc.
600 4083 706 4147 vl,
736 4087 821 4137 88.
856 4105 861 4108 ·

240 4182 355 4249 15)
392 4180 625 4238 Diodor.
679 4181 828 4249 XIII,
865 4185 915 4237 3.
969 4184 1033 4235 cf.
1078 4182 1135 4236 L.
1183 4181 1431 4248 semler,
1482 4180 1549 4235 de
1602 4184 1759 4237 rebus
1805 4183 2145 4237 Thuriorum.

105 4284 240 4339 ιοιι.
278 4286 459 4338 1838.
506 4302 629 4355 pag.
664 4285 750 4337 si.
