3080 5242
1711 726 1920 787 -.2
2009 725 2149 769 ...·

896 909 1003 968 bat
1061 897 1359 979 ejusmodi
1415 896 1740 975 tetralogia
1816 915 1850 954 e
1909 894 2159 972 trilogia
2220 904 2283 954 et
2339 893 2547 953 fabula
2612 890 2902 973 Satyrica.

898 1017 1171 1097 Trilogia
1209 1028 1341 1077 erat
1384 995 1764 1074 continuatio
1811 1010 2003 1072 trium
2049 1006 2506 1088 tragoediarum
2568 1007 2908 1085 argumenti

897 1130 1313 1215 perpetuitate
1358 1124 1625 1210 quadam
1669 1124 2147 1186 cohaerentium.
2240 1122 2312 1181 In
2374 1141 2496 1202 qua
2544 1120 2777 1200 pariter
2819 1116 2909 1179 at-

898 1268 1019 1330 que
1060 1246 1129 1305 in
1169 1241 1386 1325 quavis
1427 1237 1744 1319 tragoedia
1785 1238 1988 1299 unitas
2028 1236 2330 1320 quaedam
2381 1236 2582 1297 inesse
2631 1233 2909 1297 debebat.

894 1359 1058 1421 Nam
1098 1369 1169 1417 ut
1209 1352 1527 1434 tragoedia
1568 1352 1870 1444 actionem
1919 1360 2344 1431 repraesentat
2391 1369 2673 1428 magnam
2718 1360 2781 1408 et
2820 1367 2910 1408 se-

809 1541 814 1546 ,
894 1494 1108 1537 veram
1130 1470 1207 1557 2),
1251 1472 1336 1533 sic
1379 1469 1627 1548 trilogia
1669 1482 1808 1531 tres
1846 1465 2116 1546 gradus
2138 1469 2299 1548 sati
2335 1467 2634 1549 alicujus
2690 1470 2919 1542 magni

897 1600 957 1652 et
992 1591 1422 1660 calamitosi,
1465 1589 1672 1661 origine
1692 1626 1710 1659 ,
1749 1588 2076 1646 incremento
2093 1627 2111 1660 ,
2152 1583 2413 1642 solutione
2441 1580 2558 1663 ejus
2580 1582 2916 1640 calamitatis

894 1727 997 1787 per
1033 1706 1202 1785 plura
1250 1720 1418 1780 saepe
1454 1719 1665 1780 genera
1708 1708 2066 1777 propagatae
2121 1697 2424 1777 descriptis,
2534 1692 2634 1753 Sic
2686 1695 2917 1755 Oresten

900 1812 1190 1895 Aeschyli
1213 1808 1603 1872 adumbravit
1631 1808 1880 1885 longam
1922 1807 2144 1867 seriem
2165 1806 2575 1867 calamitatum
2595 1806 2918 1884 Agamem-

898 1928 1121 1989 noniae
1166 1923 1383 1986 domus
1428 1943 1464 1982 a
1502 1920 1700 2002 patris
1750 1940 1898 1980 nece
1941 1939 2136 2001 usque
2177 1919 2257 1981 ad
2300 1920 2718 2000 expiationem
2767 1916 2922 1983 Ore-

900 2040 1473 2119 stis-propagatam.
1559 2034 1843 2115 Namque
1880 2033 1947 2093 in
1989 2036 2407 2112 Agamemnone
2447 2030 2764 2112 tragoedia
2804 2053 2923 2093 rex

903 2173 1119 2218 everso
1188 2151 1308 2211 Ilio
1366 2147 1618 2209 domum
1683 2145 1885 2208 redux
1939 2148 2016 2206 ab
2079 2166 2274 2208 uxore
2320 2159 2383 2207 et
2446 2149 2574 2222 ejus
2634 2144 2923 2207 adultero

901 2266 1083 2329 foeda
1133 2285 1280 2326 nece
1333 2262 1734 2323 interimitur.
1841 2258 2086 2321 Deinde
2143 2261 2210 2320 in
2278 2263 2608 2342 Choephoris
2671 2257 2922 2322 adultus

902 2380 1151 2459 Orestes
1195 2378 1449 2440 ultionis
1491 2376 1789 2454 officium,
1843 2388 2172 2458 postquam
2232 2375 2311 2438 ad
2373 2378 2679 2438 tumulum
2722 2371 2922 2457 patris

902 2495 1176 2555 animum
1226 2489 1644 2566 confirmavit,
1703 2502 2022 2551 exsecutus
2092 2509 2218 2551 non
2278 2488 2462 2551 modo
2524 2490 2923 2570 Aegisthum,

901 2608 1009 2673 sed
1055 2607 1240 2668 etiam
1284 2614 1546 2663 matrem
1589 2601 1830 2665 occidit.
1913 2603 2231 2662 Postrema
2272 2601 2621 2682 tragoedia,
2663 2606 2926 2669 Eumeni-

900 2726 1019 2799 des,
1056 2715 1389 2781 ostendunt
1433 2713 1716 2780 Orestem
1755 2732 1791 2774 a
1833 2714 2037 2776 Furiis
2058 2759 2076 2792 ,
2119 2735 2275 2796 quae
2320 2714 2427 2776 diu
2471 2737 2611 2777 eum
2654 2698 2927 2797 agitavess

902 2846 1073 2911 rant,
1115 2831 1325 2894 divina
1368 2849 1485 2910 ope
1532 2829 1862 2889 liberatum
1904 2828 2284 2891 sanctissimo
2339 2828 2586 2906 judicio.
2692 2832 2927 2896 Simili-

904 2965 1005 3012 ter
1046 2947 1337 3028 Aeschyli
1376 2947 1653 3029 reliquae
1701 2943 2010 3025 trilogiae‚
2055 2946 2227 3007 velut
2269 2946 2604 3027 Lycurgia,
2668 2950 2926 3013 Prome-

1046 3255 1107 3326 2)
1142 3253 1299 3308 Arist.
1333 3265 1473 3326 poet.
1503 3254 1602 3321 .V1,
1633 3259 1681 3306 2.
1719 3253 1854 3306 ἔστιν
1872 3239 1960 3305 οὖν
1986 3256 2255 3324 τραγῳδία
2288 3260 2500 3326 μίμησις
2518 3254 2744 3329 πράξεως
2763 3279 2930 3314 σπου-

904 3363 1061 3416 δαίας
1085 3360 1171 3408 καὶ
1195 3357 1389 3413 τελείας
1422 3356 1642 3420 μέγεθος
1672 3349 1884 3423 ἐχούσης
1906 3391 2034 3406 .....
2069 3355 2270 3424 Πρᾶξις
2295 3375 2407 3409 non
2444 3357 2605 3411 modo
2641 3359 2933 3429 actionem,

905 3458 1106 3511 factum
1141 3451 1425 3526 significat,
1462 3451 1552 3505 sed
1588 3451 1744 3504 etiam
1780 3451 2049 3505 fortunam
2085 3452 2332 3524 aliquam.
2400 3455 2537 3508 Nam
2573 3453 2822 3525 πράττειν
2855 3470 2937 3514 est

906 3573 1013 3607 rem
1044 3529 1252 3626 gerere,
1281 3552 1471 3606 deinde
1504 3552 1562 3604 in
1591 3551 1746 3605 rebus
1784 3553 2028 3624 gerendis
2050 3553 2291 3624 fortuna
2325 3554 2410 3605 uti
2443 3555 2529 3607 vel
2551 3574 2811 3627 prospera
2850 3562 2944 3613 vel

907 3654 1166 3720 advers03
1198 3652 1324 3708 hinc
1367 3655 1548 3724 πρᾶξις
1588 3654 1664 3705 rei
1693 3654 1867 3726 gestio
1902 3655 1986 3706 vel
2022 3654 2256 3706 secanda
2287 3654 2372 3706 vel
2419 3655 2646 3708 adversa
2685 3658 2949 3727 fortuna

901 3750 1179 3821 perfecta,
1226 3752 1453 3824 denique
1490 3754 1748 3824 fortuna.
1834 3753 2021 3809 Aesch.
2056 3754 2235 3807 Prom.
2270 3757 2391 3809 695.
2437 3753 2636 3826 πέφρικ’
2669 3760 2951 3816 εἶςιδοῦσα

906 3850 1089 3919 πρᾶξιν
1121 3845 1270 3907 Ἰοῦς.
1341 3850 1453 3904 Nec
1478 3871 1591 3904 non
1631 3851 1929 3906 Aristoteles
1952 3853 2056 3906 hoc
2081 3852 2306 3905 ostendit
2333 3864 2472 3924 poet.
2500 3853 2590 3920 VI,
2613 3857 2698 3908 12.
2736 3852 2773 3926 ἦ
2799 3879 2951 3930 tpa-

906 3950 1073 4020 γῳδία
1107 3956 1319 4022 μίμησίς
1354 3954 1490 4004 ἔστιν
1524 3949 1616 4004 οὐκ
1647 3950 1940 4025 ἀνθρώπων
1990 3950 2124 4006 ἀλλά
2165 3950 2392 4023 πράξεων
2441 3960 2528 4007 καὶ
2559 3961 2676 4021 βίου
2720 3964 2812 4010 καὶ
2853 3958 2955 4014 εὖ.

910 4055 1181 4113 δαιμονίας
1209 4056 1297 4101 καὶ
1336 4053 1762 4115 κακοδαιμονίας·
1818 4060 1905 4108 καὶ
1949 4052 2050 4122 γάρ
2087 4051 2121 4125 ἦ
2156 4052 2455 4117 εὐδαιμονία
2491 4051 2644 4125 καὶὴ
2679 4061 2957 4113 κακοδαι-

911 4157 1063 4212 μονία
1098 4152 1149 4200 ἓν
1184 4145 1362 4220 πράξει
1394 4153 1529 4202 ἐστίν
1668 4191 1711 4206 ..
1746 4156 1843 4206 εἶσὶ
1878 4150 2013 4204 και-οἰ
2045 4157 2136 4215 μὲν
2170 4151 2238 4204 ‘ra‘
2276 4150 2387 4223 ἢθη
2423 4159 2561 4205 ποιοί
2593 4173 2757 4216 τινες,
2796 4178 2947 4212 κατε

910 4250 970 4301 δὲ
1004 4245 1101 4306 τοὶς
1137 4245 1341 4319 πράξεις
1374 4244 1666 4311 εὐδαίμονες
1701 4244 2068 4320 ἢτοιῗναντίον.
2138 4250 2293 4304 Illum
2329 4270 2537 4304 sensum
2572 4248 2800 4320 πράξεως
2839 4274 2972 4327 pa...

911 4366 1034 4401 rum
1083 4346 1256 4401 reddit
1299 4348 1525 4401 actionis
1577 4346 1913 4415 vocabulum,
1958 4348 2046 4402 sed
2101 4349 2281 4420 inopia
2335 4349 2552 4421 aptioris
2598 4349 2851 4405 vocabuli
2892 4354 2966 4409 id

904 4447 1207 4501 retinemus.
