3080 5242
1571 488 1994 552 ...12-

775 651 999 712 multas
1039 651 1409 731 tragicorum
1454 654 1691 716 fabulas
1729 653 2045 716 debemus.
2127 652 2460 714 Enimvero
2500 662 2580 711 ut
2613 672 2860 732 saepe

773 785 872 825 res
914 765 1169 827 minoris
1205 769 1502 828 momenti
1545 768 1870 848 prolixius·
1896 779 2171 843 enarrat,
2214 766 2302 827 ita
2343 785 2846 845 nonnunquam

690 902 698 912 “
771 899 871 939 res
923 879 1155 940 omittit
1195 879 1273 942 ad
1315 862 1822 960 compositionem
1863 879 2322 959 tragoediarum
2375 876 2840 954 gravissimas.

773 989 956 1066 Quod
998 993 1056 1052 ei
1102 993 1202 1052 hic
1245 1014 1494 1074 quoque
1524 995 1774 1071 accidit,
1819 1005 1888 1053 ut
1920 991 2189 1052 ostendit
2233 989 2325 1051 Cl.
2362 991 2833 1068 WELCKERUS,

772 1105 882 1185 qui
917 1125 1118 1183 nuper
1159 1091 1223 1164 in
1268 1107 1730 1186 Supplementis
1770 1108 1975 1168 Musei
2017 1107 2294 1166 Rhenan.
2352 1103 2579 1163 Philol.
2626 1115 2681 1162 t.
2733 1105 2832 1181 Π,

769 1238 835 1295 p.
877 1219 1003 1279 462
1047 1238 1182 1299 sqq.
1229 1239 1445 1279 veram
1498 1221 1679 1297 hujus
1738 1218 2086 1299 tragoediae
2154 1217 2669 1296 compositionem
2748 1228 2826 1276 et

772 1350 850 1390 ex
892 1331 1248 1410 fragmentis
1294 1339 1421 1411 ejus
1464 1346 1526 1394 et
1579 1355 1658 1394 ex
1718 1334 1853 1394 aliis
1915 1331 2191 1408 vestigiis
2234 1329 2518 1410 plurimis
2550 1327 2645 1414 1⁸)
2704 1330 2818 1389 in·-

769 1445 1186 1522 geniosissime
1231 1449 1611 1508 enucleatam
1642 1449 1955 1527 praeclare
1982 1445 2312 1506 enarravit.
2400 1441 2571 1517 Quae
2608 1462 2809 1502 enar-

769 1559 930 1619 ratio
1001 1558 1249 1620 cuilibet
1310 1562 1531 1621 harum
1593 1582 1805 1622 rerum
1858 1559 2133 1622 studioso
2201 1569 2290 1618 est
2347 1553 2804 1633 cognoscenda.

768 1670 900 1747 Ego
955 1670 1255 1732 duntaxat
1320 1675 1607 1752 graviora
1669 1696 1747 1735 ex
1811 1675 2152 1735 VVelckero
2197 1671 2478 1731 referam.

936 1782 1120 1845 Initio
1177 1787 1374 1864 hujus·
1416 1786 1770 1865 tragoediae,
1808 1788 2059 1847 Hecuba
2115 1787 2283 1864 luget
2327 1783 2557 1858 filium,
2614 1786 2792 1857 cujus

768 1895 971 1959 statim
1036 1911 1179 1978 post
1245 1895 1492 1980 partum
1548 1902 1665 1960 sibi
1713 1900 1914 1980 erepti
1959 1899 2244 1959 funebria
2298 1900 2412 1959 hoc
2453 1895 2567 1957 die
2626 1897 2792 1956 cele-

764 2010 1041 2073 brentur.
1119 2011 1489 2076 Consolatur
1533 2017 1814 2077 Priamus
1859 2011 1962 2096 (fr.
2004 2013 2049 2072 Ι.
2095 2034 2192 2091 ap.
2233 2009 2521 2095 Matth.):

1067 2122 1341 2193 Παλαιὰ
1387 2143 1640 2201 καινοῖς
1683 2124 1989 2210 δακρύοις
2032 2120 2110 2192 οὐ
2150 2122 2271 2211 χρὴ
2315 2125 2591 2214 στέγειν.

760 2234 1005 2301 Deinde
1059 2238 1315 2317 affertur
1364 2243 1619 2303 nuntius
1665 2241 1740 2302 de
1787 2239 1951 2301 ludis
1998 2251 2059 2299 et
2098 2234 2465 2298 ‘Alexandro
2519 2234 2783 2297 victore.

758 2349 916 2412 Mox
948 2351 1080 2432 ipse
1120 2354 1477 2417 Alexander
1525 2355 1850 2418 adducitur
1900 2375 1935 2414 a
1976 2353 2309 2433 Deiphobo
2363 2349 2639 2410 omnium
2679 2354 2779 2425 ju·
2822 2407 2829 2413 .

757 2483 1012 2542 venum,
1055 2467 1168 2547 qui
1208 2469 1356 2535 victi
1404 2483 1614 2553 erant,
1652 2469 1919 2530 maxime
1963 2467 2346 2528 exacerbato·
2446 2461 2592 2538 Qui.
2632 2475 2776 2523 ante
2925 2448 2926 2455 ἵ

756 2575 1070 2639 Priamum
1111 2577 1408 2660 judicem,
1451 2579 1731 2643 adstante
1785 2600 2012 2642 corona
2063 2593 2124 2641 et
2165 2580 2605 2655 Trojanorum,
2662 2576 2775 2658 qui

759 2691 1014 2751 chorum
1072 2692 1449 2769 efficiebant,
1507 2708 1569 2756 et
1626 2708 1945 2775 pastorum
1995 2693 2419 2762 Alexandrum
2479 2692 2773 2768 comitan-

757 2804 915 2868 tium
951 2804 1066 2892 ¹9),
1111 2809 1328 2869 acerba
1372 2810 1652 2888 oratione
1708 2810 1975 2888 hominis
2030 2809 2200 2871 servi
2242 2805 2557 2869 audaciam
2598 2806 2768 2866 incu-

756 2930 850 2979 sat
892 2940 1227 3008 necemque
1270 2928 1396 3002 ejus
1441 2925 1735 3005 postulat.
1794 2921 2053 3003 Contra
2105 2931 2280 3003 quae¹
2310 2917 2661 2996 Alexander
2699 2917 2769 2977 in

755 3032 1036 3094 oratione
1080 3055 1190 3094 sua
1232 3048 1299 3096 et¹
1335 3050 1765 3116 paupertatem
1814 3035 2139 3096 hom-inum
2194 3054 2512 3111 servorum
2559 3032 2765 3094 defen-

760 3127 882 3220 dit',
928 3156 989 3205 et
1037 3143 1395 3208 divitiarum
1435 3151 1640 3227 arguit
1681 3148 2063 3225 injustitiam.
2149 3147 2389 3209 Chorus
2406 3165 2444 3225 ,¹
2465 3159 2537 3209 ut
2579 3145 2765 3211 canti-

757 3278 965 3319 corum
1010 3260 1355 3338 fragmenta
1393 3261 1759 3338 ostendunt,
1803 3282 1943 3322 cum
1983 3261 2311 3342 Deiphobo
2357 3272 2418 3322 et
2461 3259 2760 3321 nobilibus

754 3368 1048 3449 faciebat,
1092 3384 1370 3452 pastores
1415 3394 1553 3435 cum
1591 3374 1969 3437 Alexandro.
2062 3375 2336 3437 Tandem
2397 3371 2757 3448 Alexander,

757 3502 950 3562 quum
995 3487 1312 3565 libertate,
1358 3508 1482 3569 qua
1523 3509 1587 3549 se
1632 3488 1988 3551 defenderat
2009 3534 2027 3567 ,
2084 3489 2269 3550 etiam
2321 3488 2629 3549 Priamum
2669 3486 2757 3547 of-

753 3593 1049 3662 fendisset
1069 3642 1086 3675 ,
1117 3600 1390 3677 gladium
1412 3602 1496 3663 'in
1534 3624 1682 3666 eum
1726 3605 2066 3685 stringente
2095 3602 2457 3683 Deiphobo,
2499 3600 2570 3668 in
2593 3619 2752 3666 aram

751 3706 920 3767 Jovis
962 3708 1185 3770 Hercei
1229 3713 1505 3777 insiluit:

893 3987 988 4058 18)
1014 3985 1230 4043 Maximi
1265 3992 1521 4046 momenti
1558 3994 1773 4047 fuerunt
1808 3994 2100 4067 fragmenta
2128 3995 2398 4067 ‚quaedam
2448 3995 2628 4062 Ennii,
2662 3997 2745 4068 qui

751 4084 1053 4141 Alexandro
1088 4108 1198 4142 suo*
1219 4090 1529 4165 Euripidem
1564 4093 1794 4147 imitatus
1832 4108 1920 4149 est.
1989 4095 2161 4151 Docet
2193 4097 2367 4150 Varro
2404 4096 2462 4148 L.
2495 4094 2553 4149 L.
2590 4099 2635 4162 7,
2662 4099 2740 4151 8².

727 4182 731 4186 ⁸
793 4264 796 4268 .
893 4193 988 4266 19)
1023 4194 1106 4253 Cf.
1144 4196 1320 4255 Schol‘.
1356 4198 1423 4251 ad
1457 4197 1585 4252 Eur.
1619 4198 1831 4271 Hippol.
1869 4204 1951 4256 67.
