3080 5242
1720 514 1802 529 -.
1891 477 1978 543 30
2060 510 2143 523 .-

1444 720 1460 738 .
1548 688 1580 737 .'
1654 726 1669 742 .
1759 723 1777 740 .
1865 721 1880 735 .
1969 669 2126 740 τάδε
2174 669 2522 761 πάσχομεν
2577 668 2809 760 ἄλγη,

1098 792 1455 881 οἰχομένας
1491 786 1789 866 πόλεως,
1846 790 1953 854 ἐπὶ
1999 780 2064 852 δ’
2107 780 2376 868 ἄλγεσιν
2423 781 2629 871 άλγεα
2676 800 2931 864 κεῖται,

1099 899 1611 988 δυςφροσύναισι
1642 902 1851 979 θεῶν,
1895 898 2006 966 ὅτε
2040 895 2152 973 σὸς
2192 894 2391 983 γόνος
2427 894 2722 984 ἔκφυγεν
2771 898 2946 987 ᾄδειν,

1098 1015 1175 1093 ὃς
1218 1019 1454 1107 λεχέων
1496 1017 1823 1103 στυγερῶν
1853 1014 2048 1106 χάριν
2083 1011 2278 1082 ὤλεσε
2310 1015 2644 1100 ΙῙέργαμα
2694 1016 2946 1097 Τροίαςα

926 1131 1006 1191 Et
1053 1132 1290 1192 Helena
1344 1152 1406 1194 v.
1440 1134 1566 1193 919
1586 1153 1605 1191 ε

1099 1240 1360 1321 πρῶτον
1411 1241 1545 1323 μὲν
1599 1231 1802 1326 οἷρχάς
1855 1232 2077 1305 ἔτεκεν
2132 1232 2247 1319 ἥδε
2301 1234 2431 1302 τῶν
2484 1234 2709 1300 κακῶν

1100 1343 1330 1430 Πάριν
1382 1348 1694 1413 τεκοῦσα·
1759 1335 2074 1428 δεύτερον
2133 1333 2198 1407 δ’
2244 1336 2537 1408 ἀπώλεσε

1112 1452 1365 1536 Τροίαν
1413 1476 1487 1518 τε
1539 1441 1698 1535 κάμ’
1743 1444 1779 1517 ὁ
1829 1442 2160 1535 πρέσβυς,
2225 1440 2310 1516 οὐ
2364 1442 2629 1515 κτανών
2688 1450 2939 1534 βρέφος,

1100 1559 1309 1628 δαλοῦ
1365 1551 1604 1643 πικρὸν
1654 1550 1937 1642 μίμημ’,
1995 1549 2446 1639 Ἀλέξανδρόν
2510 1580 2705 1622 ποτε.

929 1671 1171 1747 Quibus
1216 1669 1621 1734 conferendus
1665 1681 1759 1732 est
1799 1669 1969 1731 locus
2012 1666 2478 1729 Andromachae
2528 1687 2592 1729 v.
2620 1672 2792 1733 294:

1188 1789 1331 1851 εἴθε
1388 1776 1454 1849 δ’
1514 1776 1695 1866 ’ὑπὲρ
1748 1772 2044 1866 κεφαλάν
2098 1778 2346 1868 ἔβαλεν
2401 1775 2608 1847 κακὸν

1188 1888 1337 1963 ἅτις
1392 1890 1580 1955 τέκεν
1640 1890 1804 1953 ποτὲ
1864 1880 2128 1971 Πάριν,

1189 1997 1348 2081 πρὶν
1403 1994 1648 2061 Ἰδαῖον
1703 1992 2072 2059 κατοικίσαι
2136 1992 2372 2069 λέπας,

1188 2099 1299 2171 ὅτε
1352 2127 1465 2168 νιν
1520 2094 1702 2185 παρά
1759 2099 2090 2182 θεσπεσίῳ
2149 2092 2370 2187 δάφνᾳ

1188 2203 1397 2295 βόασε
1451 2204 1821 2291 Κάσανὸρα
1881 2218 2177 2281 κτανεῖν,
2944 2219 2945 2270 1

1186 2312 1495 2403 μεγάλαν
1550 2306 1871 2397 Πριάμου
1927 2308 2176 2386 πόλεως
2228 2309 2479 2399 λώβαν.

1189 2416 1316 2488 τίν’
1372 2416 1491 2486 οὐκ
1549 2418 1842 2496 ἐπῆλθε,
1911 2432 2112 2485 ποῖον
2168 2414 2286 2487 οὐκ
2318 2420 2633 2491 ἑλίσσετο

1188 2520 1695 2612 δαμογερόντων
1746 2523 1995 2609 βρέφος
2052 2515 2400 2609 φονεύεινς

934 2641 1155 2706 Statim
1212 2639 1590 2721 igiturfflost
1639 2647 1889 2716 partum
1933 2657 2196 2716 puerum
2240 2637 2647 2703 occidendum
2696 2665 2822 2709 esse
2861 2664 2928 2705 ce·

936 2758 1083 2820 cinit
1137 2751 1510 2829 Cassandra,
1583 2764 1799 2832 postea
1854 2771 2008 2814 vero
2067 2773 2207 2814 eum
2265 2754 2434 2834 regia
2491 2757 2689 2838 recipi
2749 2762 2926 2822 vetuit.

932 2873 1013 2933 Et
1063 2869 1221 2931 illud
1278 2865 1528 2952 quidem
1586 2865 1924 2945 respiciunt
1975 2864 2079 2926 isti
2128 2866 2438 2931 Troadum
2498 2868 2639 2939 loci.
2741 2872 2927 2956 Neque

936 2998 1141 3045 tamen
1206 3001 1318 3061 ego
1384 2981 1636 3042 omnino
1698 2966 1926 3040 nexum
1986 2979 2291 3060 quendam
2353 2981 2518 3042 inter
2582 2983 2839 3063 primam
2888 2996 2928 3044 et

938 3109 1273 3158 extremam
1318 3094 1587 3153 fabulam
1637 3090 2016 3152 intercedere
2065 3113 2239 3174 nego.
2341 3094 2520 3156 Haud
2568 3097 2754 3163 dubie
2801 3100 2930 3160 enim

895 3209 1231 3290 *prologus
1256 3196 1641 3267 'Alexandri
1676 3202 1831 3264 illud
1888 3204 2191 3266 somnium
2250 3209 2532 3270 Hecubae
2591 3213 2931 3285 continebat,

939 3335 1001 3384 et
1040 3322 1108 3383 in
1149 3319 1272 3381 fine
1314 3318 1555 3379 fabulae
1589 3315 1928 3378 Cassandra
1967 3317 2124 3380 illud
2166 3321 2366 3401 ipsum
2411 3323 2761 3389 illustrabat
2806 3330 2932 3389 vati·

941 3436 1114 3498 ciniis
1157 3434 1301 3496 suis.
1384 3432 1466 3492 Et
1502 3430 1796 3513 quoniam
1824 3430 2095 3493 Troades
2129 3434 2480 3496 incendium
2502 3438 2727 3515 Troiae
2761 3455 2932 3503 osten·

941 3550 1094 3612 dunt
1155 3551 1263 3610 illa
1318 3549 1445 3608 sace
1512 3546 1950 3626 significatum,
2014 3569 2126 3608 nec
2180 3568 2305 3609 non
2363 3551 2750 3633 reliquorum
2808 3557 2933 3615 vati·

943 3663 1238 3725 ciniorum
1295 3663 1653 3739 veritatem,
1711 3682 1907 3723 nexus
1958 3661 2194 3741 primae
2243 3674 2305 3723 et
2355 3675 2667 3728 extremae
2718 3668 2931 3730 fabulae

941 3778 1151 3855 negari
1196 3796 1319 3836 non
1362 3772 1599 3855 potest3
1659 3772 1765 3834 sed
1809 3785 2099 3835 externus
2142 3787 2235 3835 est
2278 3797 2492 3838 nexus.
2580 3779 2754 3841 Nihil
2796 3784 2930 3842 enim

941 3892 1222 3953 interfuit
1250 3889 1596 3968 Euripidis,
1637 3901 1707 3950 ut
1749 3892 2144 3951 oraculorum·
2179 3892 2504 3953 veritatem
2535 3896 2827 3973 probaret
2849 3894 2932 3980 ⁴¹),

1042 4061 1139 4132 41)
1177 4058 1337 4128 Quod
1375 4077 1540 4129 quum
1576 4079 1633 4111 ex
1670 4071 1775 4113 tota
1811 4059 2083 4114 Troadum
2120 4062 2414 4134 tragoedia,
2466 4073 2576 4116 tum
2615 4084 2674 4116 ex
2710 4085 2769 4119 ea
2804 4085 2931 4121 scena

943 4160 1108 4221 patet,
1162 4150 1217 4202 in
1266 4168 1366 4219 qua
1404 4146 1598 4199 Helena
1653 4147 1840 4219 culpae
1884 4170 2007 4203 suae
2054 4153 2398 4206 convincitur.
2500 4149 2605 4204 Ubi
2659 4175 2768 4208 non
2812 4158 2933 4210 Pari<

941 4240 1179 4293 omnium
1214 4249 1400 4292 auctor
1433 4236 1696 4289 malorum
1735 4250 2094 4309 nuncupatur,
2146 4241 2231 4294 sed
2268 4240 2480 4294 Helena.
2558 4278 2559 4281 η
