3080 5242
1136 513 1555 579 ...53-

341 718 554 788 partes
594 706 948 784 sustinebat,
987 706 1277 769 nimirum
1318 716 1551 767 mutata
1578 716 1739 768 veste
1769 716 1829 767 et
1858 726 2137 787 persona.
2218 708 2355 769 Pri·

343 821 577 882 mariae
634 841 930 902 personae
989 832 1191 902 partes
1253 821 1364 902 qui
1426 824 1746 896 tuebatur,
1814 817 2361 907 πρωταγωνιστής

345 938 706 997 vocabatur.
785 938 989 1015 Hujus
1029 938 1363 999 maximum
1402 938 1518 1000 fuit
1559 937 1865 1012 officium3
1904 956 2047 997 nam
2070 934 2361 1016 primaria

347 1068 644 1129 persons,
699 1047 777 1111 ad
819 1055 989 1127 cujus
1029 1049 1339 1112 fortunam
1380 1052 1576 1112 omnis
1618 1050 1825 1112 fabula
1872 1052 2214 1129 spectabat,
2252 1060 2357 1110 aut

349 1161 487 1241 ipsa
528 1162 827 1241 plurimas
863 1175 1067 1244 partes
1109 1162 1360 1224 actionis
1402 1165 1693 1240 habebat,
1731 1176 1856 1242 aut,
1897 1165 1948 1226 si
1987 1163 2189 1225 minus
2230 1164 2362 1243 ipsa

345 1277 601 1354 agebat,
662 1288 864 1339 tamen
906 1298 1207 1339 summum
1265 1272 1497 1354 πάθος
1553 1280 1867 1340 tolerabat.
1964 1279 2042 1338 Et
2096 1287 2366 1359 quantus

346 1402 482 1453 erat
525 1393 723 1469 labor,
762 1412 877 1472 per
915 1403 1106 1454 totam
1148 1394 1417 1454 fabulam
1458 1404 1566 1454 aut
1607 1392 1749 1471 angi
1787 1403 1844 1452 et
1868 1390 2045 1472 queri
2075 1401 2135 1451 et
2166 1390 2365 1563 [engi

346 1504 568 1567 dolore
606 1517 714 1567 aut
752 1504 957 1567 furere
999 1506 1091 1567 ira
1136 1508 1238 1568 vel
1281 1502 1655 1584 cupiditate?
1739 1505 1837 1564 De
1892 1516 2102 1565 nostra
2153 1503 2211 1566 fa
2257 1505 2364 1563 ula

349 1638 480 1679 non
522 1619 726 1679 statim
766 1631 1019 1699 apparet
1061 1619 1261 1699 primo
1300 1617 1617 1698 adspectu,
1664 1623 1835 1694 cujus
1879 1616 2213 1697 primariae·
2241 1616 2364 1677 sint

345 1744 579 1813 partes.
676 1731 838 1794 Nam
891 1752 1086 1815 quum
1124 1734 1283 1793 actio
1324 1732 1572 1792 fabulae
1630 1731 1693 1791 in
1750 1750 1820 1791 eo
1878 1700 2011 1790 sere
2062 1731 2363 1806 consistat,

351 1857 426 1905 ut
467 1844 721 1906 miserae
763 1843 1035 1907 Troades
1091 1846 1155 1904 in
1212 1845 1565 1905 servitutem
1608 1844 2072 1916 abstrahantur,
2137 1838 2368 1912 πάθος

348 1956 648 2019 dividitur
688 1959 849 2021 inter
886 1960 1199 2020 Hecubam
1242 1971 1303 2019 et
1345 1956 1829 2020 Andromacham
1860 1969 1919 2017 et
1948 1956 2364 2017 Cassandram.

349 2072 678 2132 Enimvero
743 2073 797 2133 si
853 2073 1197 2134 accuratius
1252 2074 1497 2134 fabulae
1549 2073 1844 2132 rationem
1901 2069 2365 2144 consideramus,

353 2187 586 2264 primae
625 2197 828 2264 partes
863 2206 1048 2264 penes
1077 2185 1387 2245 Hecubam
1427 2195 1593 2244 sunt.
1672 2184 1837 2244 Haec
1872 2185 1948 2244 ab
1967 2185 2146 2245 initio
2168 2206 2364 2266 usque

353 2299 431 2360 ad
477 2300 660 2359 finem
701 2300 766 2360 in
809 2319 989 2360 scena
1028 2310 1264 2376 manet,
1324 2310 1385 2359 et
1432 2299 1619 2374 hujus
1681 2296 1860 2359 dolor
1914 2299 2088 2360 novis
2127 2319 2366 2378 semper

353 2412 618 2472 stimulis
656 2411 915 2473 acuitur.
997 2412 1238 2472 Patriae
1281 2424 1337 2471 et
1377 2410 1585 2490 stirpis
1625 2429 1770 2472 snae
1807 2410 2114 2471 fortunam
2140 2413 2363 2490 plorat,

357 2527 616 2587 invisam
650 2526 980 2587 Ithacensis
1021 2525 1333 2587 servitutis
1372 2536 1599 2586 sortem
1639 2523 1998 2602 detestatur,
2062 2524 2137 2587 de
2179 2527 2366 2604 Poly-

357 2664 517 2703 xena
564 2642 842 2720 angitur,
901 2638 1298 2702 Cassandram
1334 2638 1528 2701 filiam
1570 2638 1735 2701 videt
1776 2640 2075 2717 abstrahi,
2134 2644 2366 2702 lamen-

357 2770 528 2818 tatur
568 2779 707 2819 cum
750 2756 1193 2832 Andromacha,
1240 2756 1544 2817 convincit
1585 2755 1910 2833 Helenam,
1942 2760 2366 2836 Astyanactem

355 2873 611 2951 sepelit,
681 2869 947 2953 denique
1005 2868 1257 2949 adspicit
1342 2870 1510 2930 urbis
1573 2868 1918 2931 incendium
1993 2881 2053 2929 et
2123 2871 2364 2931 ruinam

359 2986 629 3045 omnium
690 3005 915 3044 rerum.
1011 2983 1228 3065 ltaque
1295 2983 1521 3062 primas
1585 2993 1788 3062 partes
1852 2983 1922 3059 ei,
1972 2982 2367 3044 vindicamus.

363 3096 963 3185 Δευτι-ρᾳγωνιστὴς
998 3111 1236 3176 autem,
1294 3097 1696 3160 secundarum
1738 3101 2001 3179 partium
2052 3113 2249 3176 actor,
2300 3103 2365 3161 in

362 3214 475 3272 hac
522 3213 725 3272 fabula
766 3215 1122 3275 sustinuisse
1156 3210 1397 3273 videtur
1419 3210 1838 3290 Cassandram,
1862 3210 2369 3286 Andromacham,

363 3325 688 3400 Helenam,
744 3325 1106 3388 Minervam.
1196 3326 1500 3400 Quoniam
1559 3328 1720 3388 enim
1774 3322 2369 3410 δευτεραγωνιστής

365 3438 608 3498 comites
655 3438 978 3517 primariae
1017 3457 1309 3518 personae
1364 3452 1423 3498 et
1476 3442 1776 3500 malornm
1823 3441 2013 3500 socios
2055 3459 2229 3517 agere
2270 3459 2367 3500 so·

365 3553 547 3627 lebat,
591 3548 1076 3612 Andromacham
1121 3562 1180 3610 et
1223 3549 1618 3612 Cassandram
1665 3553 1720 3611 ei
1765 3554 2119 3626 tribuimus,
2160 3564 2218 3612 et
2259 3552 2366 3614 ad·

365 3665 670 3743 jungimus
712 3664 982 3725 Helenae
1022 3674 1079 3722 et
1113 3663 1429 3723 Minervae
1468 3675 1688 3743 partes,
1724 3665 1866 3745 quia
1892 3688 2024 3747 τρυι
2039 3666 2368 3750 αγωνιστῄ

365 3781 551 3853 buius
593 3780 835 3840 fabulae
877 3801 1000 3839 non
1043 3780 1436 3840 conveniunt.
1521 3778 1646 3852 Qui
1686 3781 1970 3861 quoniam
2008 3802 2363 3861 praeconem

366 3893 596 3969 agebat,
637 3888 1043 3978 ἰσχνόφωνος
1082 3911 1209 3950 esse
1254 3911 1376 3953 non
1421 3903 1679 3972 poterat.
1765 3890 1941 3968 Quod
1982 3893 2230 3976 quidem
2271 3915 2365 3953 re-

366 4004 724 4085 quirebatur
762 4001 836 4064 ad
882 4004 1213 4064 mulierum
1254 4016 1457 4083 partes
1497 4005 1776 4082 agendas.
1881 3994 2062 4079 Quod
2107 4007 2365 4087 Talthy-

367 4118 534 4178 bium
579 4117 1056 4211 ‘rynoeyoweovffi
1099 4114 1259 4193 dedi,
1305 4120 1531 4179 nntltos
1575 4120 1768 4180 habeo
1808 4134 2077 4179 veterum
2111 4120 2364 4200 scripto·

369 4250 505 4291 rum
548 4231 734 4304 locos,
775 4229 882 4309 qui
931 4229 1228 4308 probent,
1268 4233 1740 4318 τριταγωιίοτῇ
1787 4252 1883 4292 eas
1924 4243 2126 4310 partes
2168 4232 2363 4309 fuisse,
