3080 5242
1106 1865 1161 1946 ς.
1231 1869 1288 1925 1.

331 1997 436 2061 De
479 1995 731 2060 duobus
773 1998 1124 2087 generibus
1151 2003 1577 2093 xtraqicarum
1618 2002 2071 2072 διδασκαλιῶν.

189 2278 333 2385 Ex
374 2337 501 2398 quo
543 2316 806 2377 Athenis
851 2315 1074 2377 certari
1128 2314 1463 2394 tragoediis
1523 2328 1810 2394 coeptum
1869 2329 1993 2394 est,
2037 2316 2206 2399 quod

190 2434 447 2516 quidem
489 2440 610 2510 jam
651 2435 977 2514 Thespidis
1021 2449 1303 2515 tempore
1350 2435 1578 2494 sactum
1624 2456 1753 2495 esse
1809 2409 2059 2512 fertur?
2085 2448 2206 2496 sta-

187 2553 305 2610 tim
367 2552 581 2631 plures
646 2550 993 2631 tragoedias
1064 2563 1282 2631 poetae
1339 2548 1618 2610 docuisse
1650 2547 1701 2635 ¹)
1766 2549 2086 2629 videntur,
2153 2551 2207 2612 si

185 2676 357 2726 recte
399 2663 750 2741 tragoediae
791 2676 1123 2740 vocantur,
1164 2684 1323 2745 quae
1367 2665 1443 2723 ab
1487 2683 1613 2724 uno
1660 2677 1901 2726 tantum
1943 2669 2207 2744 ageban-

185 2789 294 2836 tur
336 2789 562 2839 actore.
645 2774 871 2852 Quales
909 2775 1252 2855 tragoedias
1288 2774 1647 2854 Choerilus,
1691 2777 1881 2839 Suida
1919 2791 2097 2855 teste,
2126 2778 2204 2839 ad

183 2889 361 2949 CLX
404 2891 675 2969 scripsit,
722 2912 873 2972 quas
919 2892 1186 2970 singulas
1242 2891 1437 2952 editas
1502 2914 1632 2952 esse
1688 2893 1854 2952 haud
1913 2890 2205 2953 credibile

184 3017 302 3064 est.
403 3004 646 3091 Deinde
703 3007 1072 3087 Aeschylus,
1132 3007 1380 3067 sublimi
1434 3020 1605 3067 vates
1675 3006 1933 3086 spiritu,
1992 3005 2201 3067 addito

180 3130 397 3177 actore
440 3119 637 3179 altero
679 3132 741 3180 et
776 3121 1027 3183 inventa
1068 3122 1513 3200 compositione
1556 3122 2052 3199 tetralogiarum‚
2094 3122 2201 3182 illa

178 3230 340 3291 artis
381 3231 723 3311 primordia
765 3232 918 3294 adeo
961 3235 1135 3295 auxit
1177 3235 1559 3316 perfecitque
1583 3279 1600 3311 ‚
1642 3246 1713 3294 ut
1756 3235 2020 3314 amplius
2059 3255 2202 3313 per·

174 3343 285 3404 fici
327 3342 645 3422 tragoedia
684 3345 796 3406 vix
835 3366 1015 3426 posse
1062 3345 1402 3408 videretur.
1513 3346 1616 3407 Sic
1657 3347 1766 3407 ille
1819 3347 1919 3409 vir
1962 3359 2202 3423 tragoe-

176 3454 322 3517 diae
361 3476 588 3536 parens
627 3454 917 3539 idemque
953 3460 1240 3539 princeps
1279 3460 1427 3536 fuit,
1472 3480 1658 3541 quem
1702 3478 1885 3520 nemo
1930 3478 2203 3539 unquam

174 3569 534 3650 superavit,
576 3582 1000 3652 aequaverunt
1042 3572 1242 3650 pauci.
1348 3571 1570 3652 Neque
1612 3572 1689 3630 ab
1733 3590 1807 3630 eo
1861 3568 2008 3631 inde
2050 3580 2205 3629 tem-

171 3705 338 3766 pore
381 3686 652 3765 populus
693 3686 1086 3746 Atheniensis
1134 3687 1331 3744 ullum
1354 3697 1603 3764 poetam
1632 3682 1711 3744 ad
1741 3684 2041 3762 tragicum
2073 3704 2205 3743 cer·

174 3811 394 3861 tamen
432 3797 707 3876 admisit,
748 3800 868 3861 nisi
920 3800 1029 3882 qui
1082 3799 1469 3876 tetralogiam
1511 3798 1843 3878 proferret.
1947 3798 2204 3860 Consta·

327 4050 389 4118 1)
425 4051 662 4104 Ducendi
697 4050 1010 4105 vocabulum
1036 4050 1289 4106 sollemne
1327 4062 1439 4105 erat
1464 4050 1530 4104 de
1566 4052 1753 4124 poetis,
1777 4054 1868 4123 qui
1899 4052 1965 4106 ad
1991 4054 2199 4108 fabulae

81 4178 82 4185 ¹
165 4151 607 4206 commissionem
646 4151 876 4224 primum
915 4152 1136 4206 chorum
1175 4164 1226 4207 et
1260 4163 1462 4206 actores
1501 4151 1607 4204 suis
1654 4170 1921 4223 quemque
1964 4151 2201 4225 partibus

163 4253 542 4320 instruebant,
577 4252 767 4306 deinde
814 4254 1024 4308 fabulae
1080 4253 1504 4309 commissionem
1561 4252 1989 4306 moderabantur.
2062 4252 2201 4307 Hinc

159 4356 527 4415 διδασκαλίας
563 4376 794 4421 nomen,
854 4356 998 4430 quod
1046 4376 1207 4411 unam
1244 4355 1322 4411 vel
1370 4354 1550 4427 plures
1596 4354 1800 4409 fabulas
1850 4353 2080 4408 declarat
2131 4353 2199 4405 ab

157 4452 362 4524 aliquo
399 4465 553 4526 poeta
589 4454 655 4507 ad
692 4455 913 4508 eandem
948 4454 1370 4508 commissionem
1407 4452 1601 4505 doctas.

1602 4557 1632 4613 1
