3080 5242
1550 527 1631 540 ...
1694 490 1803 558 *48
1886 522 1999 536 ...⁴

753 713 960 784 partes
1002 700 1181 776 hujus
1234 693 1475 756 fabulae
1530 708 1720 770 penes
1780 685 2089 762 Hecubam
2134 679 2356 759 fuisse,
2409 678 2571 740 infra
2623 696 2795 759 pro-

754 819 901 880 bare
937 814 1235 875 conabor.

883 927 1171 989 Ceterum
1222 908 1476 1005 praeter
1528 911 2005 996 Agamemnonis
2046 908 2507 971 tabernaculum
2525 950 2542 983 ‚
2587 904 2792 989 ⁴quod

758 1046 825 1107 in
867 1043 1069 1105 media
1124 1060 1303 1102 scena
1360 1037 1725 1098 collocatum
1787 1040 1952 1106 erat,
2012 1028 2196 1108 plura
2253 1024 2647 1085 tabernacula
2716 1022 2790 1082 in

701 1161 704 1168 '
760 1162 939 1221 scen'a
980 1155 1199 1229 fuisse,
1256 1170 1450 1233 quum
1493 1145 1692 1208 omnis
1734 1146 1919 1220 hujus
1969 1137 2319 1220 tragoediae
2373 1136 2535 1198 ratio
2580 1136 2787 1213 docet,

762 1285 897 1333 tum
949 1259 1162 1350 plures
1214 1264 1337 1325 loci
1392 1260 1618 1322 diserte
1676 1255 2029 1319 ostendunt.
2134 1254 2220 1315 V.
2272 1254 2414 1312 161.
2476 1248 2789 1336 Τρῳάδες

747 1390 880 1462 -ἔξω
922 1372 1284 1465 κομίσασθ’
1330 1378 1549 1441 οἴκων.
1637 1375 1780 1435 176.
1804 1373 2010 1453 ὀἴμοι
2042 1358 2328 1452 τρομερᾶ
2360 1361 2605 1449 σκηνοῖς
2645 1365 2786 1431 ἔλι-

766 1521 924 1563 πον.
1030 1491 1203 1569 Quae
1241 1490 1641 1566 'tabernacula
1670 1481 1812 1548 ¹non
1850 1485 2017 1566 picta
2059 1492 2244 1564 'erant
2301 1480 2367 1540 in
2408 1478 2613 1540 fronte
2655 1497 2787 1538 sce-

766 1631 880 1672 nae
900 1606 978 1692 2),
1018 1606 1145 1685 sed,
1188 1616 1258 1666 ut
1299 1625 1433 1666 mos
1477 1616 1613 1666 erat
1650 1602 1718 1664 in
1756 1599 2012 1664 theatris
2040 1596 2434 1671 Graecorum,
2472 1601 2786 1653 exstructa

772 1745 806 1785 e
850 1721 1046 1785 solida
1088 1718 1366 1781 materia.

886 1837 1215 1897 Praeterea
1255 1837 1381 1914 ipsa
1435 1831 1568 1891 urbs
1627 1827 1830 1911 Trojae
1884 1824 1950 1884 in
2002 1842 2244 1884 recessu
2286 1839 2498 1881 scenae
2543 1815 2786 1896 conspi-

772 1950 1046 2012 ciebatur
1098 1966 1177 2009 ex
1229 1943 1463 2008 recenti
1522 1940 1807 2003 incendio
1863 1940 2125 2001 fumans.
2225 1936 2322 1997 Cf.
2364 1956 2423 1998 v.
2465 1937 2636 1995 4.·8.
2676 1937 2782 1996 45.

774 2063 974 2141 Quam
1016 2061 1106 2123 in‘
1142 2057 1557 2121 catablematis
1612 2035 1895 2120 sinistrae
1949 2049 2308 2135 περιάκτου
2357 2059 2780 2129 repraesenta-

772 2189 901 2240 tam
944 2194 1072 2236 esse
1105 2171 1393 2233 arbitror.
1439 2150 1446 2154 ὁ
1494 2171 1594 2232 De
1636 2149 1924 2251 'periactis
1967 2165 2279 2246 explicant
2319 2160 2602 2258 inprimis
2645 2160 2785 2221 Pol-

772 2289 886 2350 lux
927 2298 989 2347 et
1035 2284 1385 2348 Vitruvius.
1468 2285 1698 2346 Pollux
1737 2279 1958 2346 Onom.
2000 2285 2062 2356 4,
2111 2280 2257 2341 126.
2311 2267 2464 2392 ‘ago'
2507 2271 2784 2355 ἑκάτερα

777 2403 852 2468 δὲ
909 2400 1039 2466 τῶν
1071 2391 1214 2465 ἱδύο
1276 2398 1503 2480 θυρῶν
1558 2394 1691 2462 τῶν
1747 2396 1897 2478 περὶ
1953 2387 2078 2476 τὴν
2138 2389 2355 2474 μέσην
2404 2382 2605 2458 ἄλλαι
2664 2377 2777 2450 δύο

776 2511 909 2577 εἷεν
952 2506 1040 2576 ἂν
1095 2489 1768 2591 μία·ἑκατέρωθεν,.
1802 2498 1968 2590 πρὸς
2021 2499 2103 2578 ἃς
2158 2507 2231 2569 αἱ
2287 2498 2634 2585 περίακτοι
2675 2493 2781 2581 (sc.

775 2616 1103 2710 μηχαναί)
1137 2615 1704 2705 ὀυμπεπῆγαοιν,
1761 2614 1804 2703 ἦ
1858 2620 1991 2701 μὲν
2036 2607 2211 2694 δεξιοὶ
2242 2606 2341 2694 Δτοὶ
2382 2619 2497 2692 ἔξω
2538 2607 2780 2682 πόλεως

778 2733 1103 2819 δηλοῦσα,
1144 2727 1189 2814 ἡ
1231 2728 1292 2798 δ’
1336 2726 1643 2817 οἷριοτεροὶ
1683 2726 1768 2798 τοὶ
1814 2737 1884 2798 ἐκ
1929 2729 2212 2806 πόλεως’,
2263 2724 2557 2825 μάλιστα
2594 2720 2680 2791 τοὶ
2718 2727 2782 2793 ἐκ

780 2846 1101 2945 λιμένος.ι·
1177 2843 1539 2933 Ῡίῐηιν.,5,
1584 2846 1645 2907 7.
1701 2843 2034 2907 secundum
2087 2854 2291 2903 autem
2332 2840 2530 2921 spatia
2572 2836 2651 2898 ad
2690 2856 2784 2898 or·

780 2972 961 3022 natus
987 2943 1389 3042 comparata,
1455 2981 1616 3044 quae
1662 2962 1812 3046 ¹loca
1853 2959 2074 3021 Graeci
2132 2957 2528 3042 περιάκτους
2583 2952 2785 3015 'dicunt

781 3072 858 3143 ab
916 3090 989 3131 eo
1007 3115 1027 3149 ‚
1083 3072 1255 3154 quod
1306 3073 1622 3133 machinae
1673 3084 1816 3132 sunt
1865 3072 1954 3140 in,
1994 3070 2071 3131 iis
2112 3068 2433 3141 versatiles
2494 3067 2785 3146 trigonoe,

779 3171 1086 3246 habentes
1115 3185 1180 3246 in
1222 3186 1460 3264 singula
1514 3175 1641 3247 tres
1684 3184 1916 3265 species
1973 3180 2342 3261 ornationis,
2405 3202 2581 3265 quae,
2604 3198 2788 3262 quum

717 3328 722 3339 *
783 3312 889 3363 aut
930 3300 1275 3375 fabularum
1323 3298 1693 3361 mutationes
1736 3308 1880 3359 sunt
1920 3296 2201 3375 futurae,
2243 3317 2348 3358 seu
2394 3293 2653 3355 deorum
2691 3291 2789 3353 ad-

782 3425 1003 3475 ventus
1048 3434 1185 3477 cum
1226 3412 1562 3475 tonitribus
1617 3409 1990 3492 repentinis,
2054 3421 2381 3473 versentur
2432 3418 2788 3488 mutentque

784 3527 1050 3606 speciem
1096 3528 1434 3590 ornationis
1470 3527 1538 3597 in
1586 3527 1839 3603 frontes,
1881 3523 2214 3591 secundum
2253 3544 2323 3584 ea
2351 3524 2483 3584 loca
2509 3518 2799 3582 versurae

787 3650 933 3700 sunt
972 3655 1406 3733 procurrentes
1435 3637 1518 3726 5),
1564 3661 1721 3724 quae
1767 3639 2041 3701 efficiunt
2086 3661 2205 3700 una
2247 3661 2284 3701 a
2324 3638 2484 3715 fore,
2527 3607 2722 3696 aitera
2758 3654 2794 3693 a

785 3806 939 3819 ψ

931 3908 990 3977 2)
1027 3906 1136 3975 Qui
1190 3917 1265 3961 est
1309 3898 1561 3980 posticus‘
1597 3911 1785 3982 paries.
1873 3910 2038 3983 Cujus
2083 3908 2147 3961 ab
2197 3905 2347 3960 initio
2398 3900 2676 3975 proprium
2725 3910 2796 3954 est

788 4026 987 4059 nomen
1023 4006 1229 4090 οκηνῆς,
1266 4022 1470 4059 scenae.
1544 4008 1750 4069 Deinde
1798 4028 1956 4062 scena
1992 4005 2146 4061 simul
2179 4002 2518 4077 proscenium
2550 3999 2604 4052 h.
2641 4019 2684 4051 e.
2717 3997 2797 4051 lo-

791 4128 912 4162 cum
949 4121 1071 4163 ante
1106 4105 1508 4161 scenam'situm
1547 4110 2017 4182 complectebatur.

853 4236 858 4241 ·
929 4211 989 4279 3)
1024 4209 1297 4281 Significat
1333 4207 1419 4261 ille
1456 4208 1808 4293 παρασκῄνια,
1843 4211 2100 4282 parietes,
2149 4207 2238 4278 qui
2276 4201 2617 4277 proscenium
2650 4199 2794 4254 clau-
