3080 5242
1893 632 1966 684 vl

933 828 1007 902 in
1072 792 1335 900 illariim
1410 823 1794 898 fabularum
1834 843 2252 921 *argumenta
2322 825 2754 927 inquirebam,
2825 853 2894 895 eo

935 946 1157 1018 minus
1211 943 1563 1017 verisimile
1613 941 1817 1017 fiebat
1850 944 2038 1033 mihi,
2088 945 2424 1043 trilogiam
2465 972 2574 1018 eas
2611 944 2896 1017 effecisse.

932 1065 1263 1137 Nimirum
1300 1070 1800 1154 Palamedem,
1835 1064 2123 1137 mediam
2158 1066 2595 1163 tragoediam,
2624 1063 2901 1162 trilogico

925 1183 1131 1256 ‘nexui
1185 1184 1416 1283 utique
1463 1182 1792 1281 refragari
1843 1183 2173 1256 videbam.
2213 1248 2218 1252 .
2295 1186 2454 1282 Quo
2520 1186 2748 1259 factum
2798 1204 2906 1274 est,

889 1293 892 1296 ,
932 1323 1047 1394 ut,
1099 1306 1205 1379 cui
1252 1333 1357 1378 me
1410 1313 1878 1379 assectatorem
1928 1305 2298 1405 adjungere
2349 1289 2710 1395 volueram,
2764 1334 2905 1380 eum

931 1428 1093 1526 jam,
1144 1426 1469 1526 quantum
1520 1452 1812 1525 possem,
1856 1409 2156 1500 ⁴refutare
2191 1454 2487 1523 cogerer.
2585 1424 2910 1534 Praeclare

932 1573 1113 1633 vero,
1153 1562 1227 1617 ut
1276 1573 1401 1641 ego
1439 1544 1692 1650 sentio,
1744 1544 1924 1619 idem
1958 1545 2335 1621 Schoellius
2363 1546 2452 1619 de
2501 1529 2911 1646 temporibus,

930 1663 1005 1734 in
1075 1685 1246 1761 quae
1309 1662 1460 1737 illae
1526 1661 1798 1735 fabulae
1869 1665 2209 1754 incidant,
2282 1693 2358 1740 ae
2423 1666 2507 1738 de
2573 1668 2650 1739 iis
2708 1653 2913 1756 rebus,

935 1808 1102 1881 quas
1146 1778 1519 1875 illustrent,
1588 1783 1661 1855 in
1734 1782 1848 1857 illo
1916 1783 2094 1876 libro
2142 1784 2516 1875 disseruit,
2586 1804 2657 1859 ut
2701 1786 2772 1878 in
2822 1787 2915 1859 his

933 1904 1074 1976 sere
1128 1902 1445 1976 omnibus
1498 1903 1558 1976 ei
1607 1933 1714 1978 me
1768 1905 2074 1979 assentiri
2135 1923 2489 2006 oporteret.
2538 1983 2547 1988 ,
2588 1911 2917 1980 Verumta-

932 2051 1089 2096 men
1134 2023 1480 2097 Troadum
1528 2026 1970 2123 tragoediam,
2028 2053 2228 2125 quam
2281 2024 2392 2097 ille
2445 2026 2533 2098 ad
2584 2026 2937 2100 Meliorum³

935 2158 1197 2240 tantum
1266 2141 1706 2240 calamitatem
1789 2145 2030 2232 refert,
2096 2172 2220 2242 ego
2294 2145 2570 2238 omnino
2651 2143 2937 2219 crudelis

936 2261 1251 2354 victoriae
1299 2262 1685 2364 imaginem=
1730 2265 2042 2339 exhibere
2103 2263 2430 2352 arbitror,
2491 2292 2620 2364 qua
2684 2267 2937 2339 ratione

936 2400 1073 2456 tota
1145 2383 1417 2458 fabulae
1482 2386 1881 2488 compositio
1962 2382 2468 2486 quodammodo
2554 2381 2925 2483 explicatur.

861 2518 862 2524 ’
933 2504 1166 2602 Neque
1214 2532 1290 2577 ea
1321 2507 1601 2591 ‘ratione
1651 2506 2100 2604 impedimur,
2176 2505 2338 2611 quin
2382 2503 2686 2576 Troades
2705 2562 2733 2593 ,¹
2777 2506 2937 2579 sicut*

932 2625 1261 2726 reliquam
1311 2625 1790 2731 didascaliam,
1859 2626 2016 2697 item
2089 2624 2176 2696 ad
2242 2621 2355 2695 illa
2418 2641 2725 2724 tempora
2779 2627 2930 2699 refe-

936 2774 1181 2820 ramus.

1086 2864 1580 2942 Didascaliae
1606 2865 1879 2939 nomine
1907 2892 2071 2939 usus
2099 2891 2269 2953 sum,
2315 2891 2453 2936 non
2487 2869 2936 2963 tetralogiae,

940 2987 1127 3089 quod
1160 2991 1628 3085 tetralogiam
1668 2987 1920 3087 pariter
1965 3003 2162 3088 atque
2208 2984 2938 3082 trilogiaminternun

940 3121 1488 3207 argumentorum
1542 3133 1784 3178 nexum
1838 3105 2140 3180 indicare
2192 3105 2522 3205 suspicor.

1087 3228 1359 3314 Restat,
1416 3243 1492 3299 ut
1539 3224 1850 3299 moneam
1901 3226 2252 3315 lectorem,
2297 3225 2413 3324 qui
2462 3251 2701 3296 versus
2758 3224 2937 3299 Euri

938 3347 1119 3449 pidis
1163 3377 1201 3421 a
1250 3374 1359 3421 me
1411 3348 1649 3421 citatos
1700 3346 1921 3444 legere
1971 3345 2162 3436 velit,
2227 3374 2340 3419 eos
2401 3373 2508 3419 me
2584 3344 2848 3418 citasse
2903 3368 2938 3419 a

939 3468 1231 3543 editione
1273 3468 1608 3542 Ludovici
1660 3466 2042 3556 Dindmfii,
2110 3496 2280 3566 quae
2354 3466 2607 3567 plodiit
2686 3469 2938 3568 Lipsia

944 3618 1002 3661 a.
1078 3590 1293 3663 1825.
1411 3570 1556 3663 Ser.
1623 3587 1984 3686 Gottingae
2054 3586 2380 3660 Kalendis
2442 3589 2817 3721 Decembr
2825 3582 2938 3709 ihil

938 3696 1408 3781 MDCCGXLe
2554 3766 2557 3767 ν
