<?xml version="1.0" encoding="UTF-8"?>
<!DOCTYPE html PUBLIC "-//W3C//DTD XHTML 1.0 Transitional//EN"
    "http://www.w3.org/TR/xhtml1/DTD/xhtml1-transitional.dtd">
<html xmlns="http://www.w3.org/1999/xhtml" xml:lang="en" lang="en">
 <head>
  <title>
</title>
<meta http-equiv="Content-Type" content="text/html;charset=utf-8" />
  <meta name='ocr-system' content='tesseract 3.04.00' />
  <meta name='ocr-capabilities' content='ocr_page ocr_carea ocr_par ocr_line ocrx_word'/>
</head>
<body>
  <div class='ocr_page' id='page_1' title='image "./deeuripidistroi00plangoog_0024.png"; bbox 0 0 3080 5242; ppageno 0'>
   <div class='ocr_carea' id='block_1_1' title="bbox 1622 587 2041 650">
    <p class='ocr_par' dir='ltr' id='par_1_1' title="bbox 1622 587 2041 650">
     <span class='ocr_line' id='line_1_1' title="bbox 1622 587 2041 650; baseline -0.005 -15"><span class='ocrx_word' id='word_1_1' title='bbox 1622 587 2041 650; x_wconf 78' lang='lat'>...16-</span> 
     </span>
    </p>
   </div>
   <div class='ocr_carea' id='block_1_2' title="bbox 782 756 2934 4137">
    <p class='ocr_par' dir='ltr' id='par_1_2' title="bbox 795 756 2934 1951">
     <span class='ocr_line' id='line_1_2' title="bbox 798 756 2881 844; baseline -0.002 -20"><span class='ocrx_word' id='word_1_2' title='bbox 798 774 975 844; x_wconf 87' lang='lat' dir='ltr'>parte</span> <span class='ocrx_word' id='word_1_3' title='bbox 1017 762 1294 838; x_wconf 86' lang='lat' dir='ltr'>fabulae,</span> <span class='ocrx_word' id='word_1_4' title='bbox 1339 757 1540 821; x_wconf 86' lang='lat' dir='ltr'>media</span> <span class='ocrx_word' id='word_1_5' title='bbox 1592 758 1801 820; x_wconf 86' lang='lat' dir='ltr'>fabula</span> <span class='ocrx_word' id='word_1_6' title='bbox 1854 757 2110 837; x_wconf 89' lang='lat' dir='ltr'>capitale</span> <span class='ocrx_word' id='word_1_7' title='bbox 2154 756 2450 833; x_wconf 82' lang='lat' dir='ltr'>judicium</span> <span class='ocrx_word' id='word_1_8' title='bbox 2495 769 2562 817; x_wconf 90' lang='lat' dir='ltr'>et</span> <span class='ocrx_word' id='word_1_9' title='bbox 2609 757 2881 819; x_wconf 84' lang='lat' dir='ltr'>adver·</span> 
     </span>
     <span class='ocr_line' id='line_1_3' title="bbox 798 867 2876 958; baseline -0.004 -20"><span class='ocrx_word' id='word_1_10' title='bbox 798 876 986 938; x_wconf 86' lang='lat' dir='ltr'>sarias</span> <span class='ocrx_word' id='word_1_11' title='bbox 1030 873 1269 958; x_wconf 84' lang='lat' dir='ltr'>Ulyssis</span> <span class='ocrx_word' id='word_1_12' title='bbox 1312 885 1376 935; x_wconf 88' lang='lat' dir='ltr'>et</span> <span class='ocrx_word' id='word_1_13' title='bbox 1416 867 1760 933; x_wconf 76' lang='lat' dir='ltr'>Palamedis</span> <span class='ocrx_word' id='word_1_14' title='bbox 1824 870 2131 932; x_wconf 89' lang='lat' dir='ltr'>orationes</span> <span class='ocrx_word' id='word_1_15' title='bbox 2176 869 2562 948; x_wconf 87' lang='lat' dir='ltr'>continebat,</span> <span class='ocrx_word' id='word_1_16' title='bbox 2624 883 2876 931; x_wconf 82' lang='lat' dir='ltr'>extre·</span> 
     </span>
     <span class='ocr_line' id='line_1_4' title="bbox 797 980 2934 1077; baseline -0.004 -26"><span class='ocrx_word' id='word_1_17' title='bbox 797 1010 899 1050; x_wconf 88' lang='lat' dir='ltr'>ma</span> <span class='ocrx_word' id='word_1_18' title='bbox 938 989 1310 1070; x_wconf 69' lang='lat' dir='ltr'>supplicium</span> <span class='ocrx_word' id='word_1_19' title='bbox 1355 981 1719 1047; x_wconf 77' lang='lat' dir='ltr'>PalamediS.</span> <span class='ocrx_word' id='word_1_20' title='bbox 1804 980 2205 1075; x_wconf 81' lang='lat' dir='ltr'>Adversarias</span> <span class='ocrx_word' id='word_1_21' title='bbox 2249 983 2562 1044; x_wconf 89' lang='lat' dir='ltr'>orationes</span> <span class='ocrx_word' id='word_1_22' title='bbox 2610 983 2691 1042; x_wconf 86' lang='lat' dir='ltr'>in</span> <span class='ocrx_word' id='word_1_23' title='bbox 2760 987 2871 1060; x_wconf 86' lang='lat' dir='ltr'>ju·</span> <span class='ocrx_word' id='word_1_24' title='bbox 2932 998 2934 1077; x_wconf 35' lang='grc' dir='ltr'><strong>χ</strong></span> 
     </span>
     <span class='ocr_line' id='line_1_5' title="bbox 799 1093 2862 1177; baseline -0.003 -15"><span class='ocrx_word' id='word_1_25' title='bbox 799 1100 960 1176; x_wconf 73' lang='lat' dir='ltr'>dicio</span> <span class='ocrx_word' id='word_1_26' title='bbox 1002 1101 1242 1162; x_wconf 86' lang='lat' dir='ltr'>habitas</span> <span class='ocrx_word' id='word_1_27' title='bbox 1273 1101 1348 1165; x_wconf 87' lang='lat' dir='ltr'>ab</span> <span class='ocrx_word' id='word_1_28' title='bbox 1383 1093 1711 1177; x_wconf 78' lang='lat' dir='ltr'>Euripide,</span> <span class='ocrx_word' id='word_1_29' title='bbox 1753 1117 1974 1175; x_wconf 91' lang='lat' dir='ltr'>magno</span> <span class='ocrx_word' id='word_1_30' title='bbox 2020 1094 2263 1157; x_wconf 90' lang='lat' dir='ltr'>dicendi</span> <span class='ocrx_word' id='word_1_31' title='bbox 2300 1095 2552 1171; x_wconf 86' lang='lat' dir='ltr'>artifice,</span> <span class='ocrx_word' id='word_1_32' title='bbox 2587 1117 2862 1156; x_wconf 86' lang='lat' dir='ltr'>summa</span> 
     </span>
     <span class='ocr_line' id='line_1_6' title="bbox 798 1205 2856 1289; baseline -0.003 -14"><span class='ocrx_word' id='word_1_33' title='bbox 798 1226 931 1275; x_wconf 88' lang='lat' dir='ltr'>arte</span> <span class='ocrx_word' id='word_1_34' title='bbox 993 1214 1335 1289; x_wconf 84' lang='lat' dir='ltr'>elaboratas</span> <span class='ocrx_word' id='word_1_35' title='bbox 1408 1230 1537 1271; x_wconf 89' lang='lat' dir='ltr'>esse</span> <span class='ocrx_word' id='word_1_36' title='bbox 1609 1228 1790 1269; x_wconf 90' lang='lat' dir='ltr'>nemo</span> <span class='ocrx_word' id='word_1_37' title='bbox 1871 1227 1999 1268; x_wconf 89' lang='lat' dir='ltr'>non</span> <span class='ocrx_word' id='word_1_38' title='bbox 2057 1208 2235 1268; x_wconf 86' lang='lat' dir='ltr'>facile</span> <span class='ocrx_word' id='word_1_39' title='bbox 2305 1205 2534 1269; x_wconf 85' lang='lat' dir='ltr'><strong>credet.</strong></span> <span class='ocrx_word' id='word_1_40' title='bbox 2661 1206 2856 1283; x_wconf 85' lang='lat' dir='ltr'>Quid</span> 
     </span>
     <span class='ocr_line' id='line_1_7' title="bbox 799 1306 2855 1410; baseline -0.002 -24"><span class='ocrx_word' id='word_1_41' title='bbox 799 1324 968 1410; x_wconf 87' lang='lat' dir='ltr'>quod</span> <span class='ocrx_word' id='word_1_42' title='bbox 1008 1327 1278 1407; x_wconf 86' lang='lat' dir='ltr'>probant</span> <span class='ocrx_word' id='word_1_43' title='bbox 1319 1345 1511 1407; x_wconf 88' lang='lat' dir='ltr'>quum</span> <span class='ocrx_word' id='word_1_44' title='bbox 1560 1324 1682 1383; x_wconf 88' lang='lat' dir='ltr'>alia</span> <span class='ocrx_word' id='word_1_45' title='bbox 1718 1322 2114 1396; x_wconf 86' lang='lat' dir='ltr'>documenta,</span> <span class='ocrx_word' id='word_1_46' title='bbox 2157 1332 2290 1381; x_wconf 87' lang='lat' dir='ltr'>tum</span> <span class='ocrx_word' id='word_1_47' title='bbox 2332 1322 2562 1393; x_wconf 86' lang='lat' dir='ltr'>multae</span> <span class='ocrx_word' id='word_1_48' title='bbox 2613 1306 2855 1402; x_wconf 78' lang='lat' dir='ltr'>sophi-</span> 
     </span>
     <span class='ocr_line' id='line_1_8' title="bbox 796 1432 2845 1519; baseline -0.003 -18"><span class='ocrx_word' id='word_1_49' title='bbox 796 1452 1030 1519; x_wconf 86' lang='lat' dir='ltr'>starum</span> <span class='ocrx_word' id='word_1_50' title='bbox 1074 1439 1384 1500; x_wconf 88' lang='lat' dir='ltr'>orationes</span> <span class='ocrx_word' id='word_1_51' title='bbox 1426 1436 1505 1498; x_wconf 88' lang='lat' dir='ltr'>ad</span> <span class='ocrx_word' id='word_1_52' title='bbox 1548 1436 1954 1497; x_wconf 84' lang='lat' dir='ltr'>imitationem</span> <span class='ocrx_word' id='word_1_53' title='bbox 1990 1432 2307 1515; x_wconf 79' lang='lat' dir='ltr'>Euripidis</span> <span class='ocrx_word' id='word_1_54' title='bbox 2352 1432 2429 1494; x_wconf 92' lang='lat' dir='ltr'>de</span> <span class='ocrx_word' id='word_1_55' title='bbox 2470 1432 2845 1495; x_wconf 77' lang='lat' dir='ltr'>Palamedis</span> 
     </span>
     <span class='ocr_line' id='line_1_9' title="bbox 798 1545 2840 1632; baseline -0.002 -19"><span class='ocrx_word' id='word_1_56' title='bbox 798 1574 977 1614; x_wconf 89' lang='lat' dir='ltr'>causa</span> <span class='ocrx_word' id='word_1_57' title='bbox 1022 1553 1307 1632; x_wconf 81' lang='lat' dir='ltr'>scriptae.</span> <span class='ocrx_word' id='word_1_58' title='bbox 1400 1552 1730 1612; x_wconf 86' lang='lat' dir='ltr'>Praeterea</span> <span class='ocrx_word' id='word_1_59' title='bbox 1788 1551 1935 1610; x_wconf 89' lang='lat' dir='ltr'>haec</span> <span class='ocrx_word' id='word_1_60' title='bbox 1987 1547 2303 1628; x_wconf 80' lang='lat' dir='ltr'>Euripidis</span> <span class='ocrx_word' id='word_1_61' title='bbox 2360 1545 2688 1626; x_wconf 81' lang='lat' dir='ltr'>tragoedia</span> <span class='ocrx_word' id='word_1_62' title='bbox 2737 1549 2840 1608; x_wconf 84' lang='lat' dir='ltr'>in-</span> 
     </span>
     <span class='ocr_line' id='line_1_10' title="bbox 798 1660 2836 1744; baseline -0 -19"><span class='ocrx_word' id='word_1_63' title='bbox 798 1665 984 1744; x_wconf 87' lang='lat' dir='ltr'>signis</span> <span class='ocrx_word' id='word_1_64' title='bbox 1029 1678 1162 1726; x_wconf 89' lang='lat' dir='ltr'>erat</span> <span class='ocrx_word' id='word_1_65' title='bbox 1203 1663 1483 1725; x_wconf 89' lang='lat' dir='ltr'>oratione</span> <span class='ocrx_word' id='word_1_66' title='bbox 1527 1677 1592 1724; x_wconf 90' lang='lat' dir='ltr'>et</span> <span class='ocrx_word' id='word_1_67' title='bbox 1636 1663 1869 1724; x_wconf 90' lang='lat' dir='ltr'>cantico</span> <span class='ocrx_word' id='word_1_68' title='bbox 1880 1707 1899 1739; x_wconf 86' lang='lat'><em>‚</em></span> <span class='ocrx_word' id='word_1_69' title='bbox 1942 1662 2165 1744; x_wconf 88' lang='lat' dir='ltr'>quibus</span> <span class='ocrx_word' id='word_1_70' title='bbox 2226 1660 2604 1739; x_wconf 80' lang='lat' dir='ltr'>Palamedes,</span> <span class='ocrx_word' id='word_1_71' title='bbox 2650 1675 2836 1724; x_wconf 89' lang='lat' dir='ltr'>ante-</span> 
     </span>
     <span class='ocr_line' id='line_1_11' title="bbox 796 1774 2834 1859; baseline 0 -22"><span class='ocrx_word' id='word_1_72' title='bbox 796 1798 984 1859; x_wconf 87' lang='lat' dir='ltr'>quam</span> <span class='ocrx_word' id='word_1_73' title='bbox 1031 1776 1109 1838; x_wconf 90' lang='lat' dir='ltr'>ad</span> <span class='ocrx_word' id='word_1_74' title='bbox 1150 1775 1523 1857; x_wconf 86' lang='lat' dir='ltr'>supplicium</span> <span class='ocrx_word' id='word_1_75' title='bbox 1564 1775 2005 1852; x_wconf 88' lang='lat' dir='ltr'>abduceretur,</span> <span class='ocrx_word' id='word_1_76' title='bbox 2044 1774 2314 1853; x_wconf 80' lang='lat' dir='ltr'>graviter</span> <span class='ocrx_word' id='word_1_77' title='bbox 2366 1789 2429 1836; x_wconf 91' lang='lat' dir='ltr'>et</span> <span class='ocrx_word' id='word_1_78' title='bbox 2466 1777 2834 1837; x_wconf 83' lang='lat' dir='ltr'>luculenter</span> 
     </span>
     <span class='ocr_line' id='line_1_12' title="bbox 795 1887 1953 1951; baseline -0.003 -1"><span class='ocrx_word' id='word_1_79' title='bbox 795 1891 1231 1951; x_wconf 46' lang='lat' dir='ltr'>innocentiam¹</span> <span class='ocrx_word' id='word_1_80' title='bbox 1256 1909 1429 1950; x_wconf 86' lang='lat' dir='ltr'>suam</span> <span class='ocrx_word' id='word_1_81' title='bbox 1474 1887 1953 1949; x_wconf 85' lang='lat' dir='ltr'>demonstrabat.</span> 
     </span>
    </p>

    <p class='ocr_par' dir='ltr' id='par_1_3' title="bbox 1046 1993 2736 2086">
     <span class='ocr_line' id='line_1_13' title="bbox 1046 1993 2736 2086; baseline -0.004 -16"><span class='ocrx_word' id='word_1_82' title='bbox 1046 1995 1407 2078; x_wconf 75' lang='grc' dir='ltr'><strong><em>Ἐκάνετε,</em></strong></span> <span class='ocrx_word' id='word_1_83' title='bbox 1451 1994 1719 2067; x_wconf 77' lang='grc' dir='ltr'><strong><em>ἐκάνετε</em></strong></span> <span class='ocrx_word' id='word_1_84' title='bbox 1762 1994 1891 2067; x_wconf 73' lang='grc' dir='ltr'>τάν</span> <span class='ocrx_word' id='word_1_85' title='bbox 1934 1994 2328 2086; x_wconf 78' lang='grc' dir='ltr'><strong><em>πάνσοφον,</em></strong></span> <span class='ocrx_word' id='word_1_86' title='bbox 2358 1993 2407 2064; x_wconf 77' lang='grc' dir='ltr'><em>ὦ</em></span> <span class='ocrx_word' id='word_1_87' title='bbox 2448 1999 2736 2076; x_wconf 79' lang='grc' dir='ltr'><strong><em>Δαναοί,</em></strong></span> 
     </span>
    </p>

    <p class='ocr_par' dir='ltr' id='par_1_4' title="bbox 784 2106 2819 3562">
     <span class='ocr_line' id='line_1_14' title="bbox 1050 2106 2546 2198; baseline -0.004 -17"><span class='ocrx_word' id='word_1_88' title='bbox 1050 2108 1184 2181; x_wconf 75' lang='grc' dir='ltr'>τᾶν</span> <span class='ocrx_word' id='word_1_89' title='bbox 1223 2107 1427 2181; x_wconf 68' lang='grc' dir='ltr'><em>οὐδὲν</em></span> <span class='ocrx_word' id='word_1_90' title='bbox 1471 2107 1897 2198; x_wconf 70' lang='grc' dir='ltr'><em>ἀλγύνουσαν</em></span> <span class='ocrx_word' id='word_1_91' title='bbox 1939 2108 2192 2196; x_wconf 69' lang='grc' dir='ltr'><em>ἀηδόνα</em></span> <span class='ocrx_word' id='word_1_92' title='bbox 2236 2106 2546 2179; x_wconf 77' lang='grc' dir='ltr'><strong><em>Μουσᾶν.</em></strong></span> 
     </span>
     <span class='ocr_line' id='line_1_15' title="bbox 793 2221 2819 2316; baseline 0 -23"><span class='ocrx_word' id='word_1_93' title='bbox 793 2231 894 2294; x_wconf 87' lang='lat' dir='ltr'>Sic</span> <span class='ocrx_word' id='word_1_94' title='bbox 945 2230 1112 2312; x_wconf 87' lang='lat' dir='ltr'>apud</span> <span class='ocrx_word' id='word_1_95' title='bbox 1153 2230 1510 2292; x_wconf 85' lang='lat' dir='ltr'>Philostrat.</span> <span class='ocrx_word' id='word_1_96' title='bbox 1557 2224 1705 2291; x_wconf 88' lang='lat' dir='ltr'>Her.</span> <span class='ocrx_word' id='word_1_97' title='bbox 1732 2231 1814 2311; x_wconf 83' lang='lat' dir='ltr'>X,</span> <span class='ocrx_word' id='word_1_98' title='bbox 1847 2232 1948 2289; x_wconf 87' lang='lat'>12.</span> <span class='ocrx_word' id='word_1_99' title='bbox 2031 2227 2112 2287; x_wconf 88' lang='lat' dir='ltr'>Et</span> <span class='ocrx_word' id='word_1_100' title='bbox 2152 2222 2315 2316; x_wconf 81' lang='grc' dir='ltr'><strong><em>χαῖρ’</em></strong></span> <span class='ocrx_word' id='word_1_101' title='bbox 2362 2221 2655 2310; x_wconf 72' lang='grc' dir='ltr'><em>ἀλήθεια</em></span> <span class='ocrx_word' id='word_1_102' title='bbox 2693 2253 2819 2294; x_wconf 79' lang='grc' dir='ltr'>κυ-</span> 
     </span>
     <span class='ocr_line' id='line_1_16' title="bbox 793 2343 2814 2432; baseline -0.005 -19"><span class='ocrx_word' id='word_1_103' title='bbox 793 2344 945 2432; x_wconf 80' lang='grc' dir='ltr'><em>δρή·</em></span> <span class='ocrx_word' id='word_1_104' title='bbox 992 2349 1365 2431; x_wconf 74' lang='grc' dir='ltr'><strong><em>προὲθοινες</em></strong></span> <span class='ocrx_word' id='word_1_105' title='bbox 1407 2343 1536 2431; x_wconf 69' lang='grc' dir='ltr'>γάρ</span> <span class='ocrx_word' id='word_1_106' title='bbox 1582 2348 1780 2430; x_wconf 77' lang='grc' dir='ltr'><em>ἐμοῦ,</em></span> <span class='ocrx_word' id='word_1_107' title='bbox 1825 2344 1992 2426; x_wconf 89' lang='lat' dir='ltr'>apud</span> <span class='ocrx_word' id='word_1_108' title='bbox 2032 2345 2241 2406; x_wconf 88' lang='lat' dir='ltr'>Schol.</span> <span class='ocrx_word' id='word_1_109' title='bbox 2300 2345 2417 2406; x_wconf 81' lang='lat' dir='ltr'>Gn.</span> <span class='ocrx_word' id='word_1_110' title='bbox 2479 2344 2555 2407; x_wconf 90' lang='lat' dir='ltr'>ad</span> <span class='ocrx_word' id='word_1_111' title='bbox 2606 2343 2814 2407; x_wconf 89' lang='lat' dir='ltr'>Orest.</span> 
     </span>
     <span class='ocr_line' id='line_1_17' title="bbox 790 2444 2810 2539; baseline -0 -20"><span class='ocrx_word' id='word_1_112' title='bbox 790 2463 934 2519; x_wconf 87' lang='lat'>422.</span> <span class='ocrx_word' id='word_1_113' title='bbox 1020 2460 1182 2519; x_wconf 90' lang='lat' dir='ltr'>Huic</span> <span class='ocrx_word' id='word_1_114' title='bbox 1212 2461 1414 2529; x_wconf 57' lang='lat' dir='ltr'>,animi</span> <span class='ocrx_word' id='word_1_115' title='bbox 1456 2459 1867 2539; x_wconf 86' lang='lat' dir='ltr'>magnitudini</span> <span class='ocrx_word' id='word_1_116' title='bbox 1896 2444 2166 2521; x_wconf 72' lang='lat' dir='ltr'>Socratis</span> <span class='ocrx_word' id='word_1_117' title='bbox 2210 2457 2483 2520; x_wconf 88' lang='lat' dir='ltr'>damnati</span> <span class='ocrx_word' id='word_1_118' title='bbox 2526 2472 2810 2519; x_wconf 88' lang='lat' dir='ltr'>constan-</span> 
     </span>
     <span class='ocr_line' id='line_1_18' title="bbox 792 2553 2808 2657; baseline -0 -24"><span class='ocrx_word' id='word_1_119' title='bbox 792 2572 943 2633; x_wconf 90' lang='lat' dir='ltr'>tiam</span> <span class='ocrx_word' id='word_1_120' title='bbox 986 2569 1271 2651; x_wconf 89' lang='lat' dir='ltr'>discipuli</span> <span class='ocrx_word' id='word_1_121' title='bbox 1302 2577 1429 2649; x_wconf 89' lang='lat' dir='ltr'>ejus</span> <span class='ocrx_word' id='word_1_122' title='bbox 1462 2585 1523 2633; x_wconf 89' lang='lat' dir='ltr'>et</span> <span class='ocrx_word' id='word_1_123' title='bbox 1547 2553 1821 2654; x_wconf 30' lang='lat' dir='ltr'>populus*</span> <span class='ocrx_word' id='word_1_124' title='bbox 1852 2572 2245 2635; x_wconf 78' lang='lat' dir='ltr'>Atheniensis</span> <span class='ocrx_word' id='word_1_125' title='bbox 2275 2585 2493 2653; x_wconf 85' lang='lat' dir='ltr'>postea</span> <span class='ocrx_word' id='word_1_126' title='bbox 2520 2569 2610 2657; x_wconf 79' lang='lat'>²⁵)</span> <span class='ocrx_word' id='word_1_127' title='bbox 2643 2591 2808 2633; x_wconf 91' lang='lat' dir='ltr'>com-</span> 
     </span>
     <span class='ocr_line' id='line_1_19' title="bbox 789 2683 2801 2766; baseline 0 -21"><span class='ocrx_word' id='word_1_128' title='bbox 789 2696 1186 2766; x_wconf 82' lang='lat' dir='ltr'>paraverunt.</span> <span class='ocrx_word' id='word_1_129' title='bbox 1268 2684 1390 2746; x_wconf 90' lang='lat' dir='ltr'>Sed</span> <span class='ocrx_word' id='word_1_130' title='bbox 1431 2683 1822 2746; x_wconf 88' lang='lat' dir='ltr'>Palamedem</span> <span class='ocrx_word' id='word_1_131' title='bbox 1864 2696 2239 2765; x_wconf 83' lang='lat' dir='ltr'>spectatores</span> <span class='ocrx_word' id='word_1_132' title='bbox 2284 2684 2630 2765; x_wconf 83' lang='lat' dir='ltr'>tragoediae</span> <span class='ocrx_word' id='word_1_133' title='bbox 2672 2705 2801 2745; x_wconf 87' lang='lat' dir='ltr'>non</span> 
     </span>
     <span class='ocr_line' id='line_1_20' title="bbox 790 2795 2800 2878; baseline -0.001 -18"><span class='ocrx_word' id='word_1_134' title='bbox 790 2799 959 2861; x_wconf 86' lang='lat' dir='ltr'>omni</span> <span class='ocrx_word' id='word_1_135' title='bbox 1003 2819 1111 2878; x_wconf 88' lang='lat' dir='ltr'>spe</span> <span class='ocrx_word' id='word_1_136' title='bbox 1153 2798 1408 2859; x_wconf 84' lang='lat' dir='ltr'>ultionis</span> <span class='ocrx_word' id='word_1_137' title='bbox 1457 2796 1823 2859; x_wconf 89' lang='lat' dir='ltr'>destitutum</span> <span class='ocrx_word' id='word_1_138' title='bbox 1861 2795 2155 2858; x_wconf 88' lang='lat' dir='ltr'>videbant</span> <span class='ocrx_word' id='word_1_139' title='bbox 2213 2798 2511 2859; x_wconf 90' lang='lat' dir='ltr'>occidere.</span> <span class='ocrx_word' id='word_1_140' title='bbox 2607 2800 2800 2859; x_wconf 86' lang='lat' dir='ltr'>Ante·</span> 
     </span>
     <span class='ocr_line' id='line_1_21' title="bbox 789 2912 2796 2997; baseline -0 -21"><span class='ocrx_word' id='word_1_141' title='bbox 789 2936 976 2997; x_wconf 87' lang='lat' dir='ltr'>quam</span> <span class='ocrx_word' id='word_1_142' title='bbox 1038 2914 1200 2976; x_wconf 89' lang='lat' dir='ltr'>enim</span> <span class='ocrx_word' id='word_1_143' title='bbox 1263 2914 1639 2996; x_wconf 89' lang='lat' dir='ltr'>supplicium</span> <span class='ocrx_word' id='word_1_144' title='bbox 1700 2914 1978 2992; x_wconf 78' lang='lat' dir='ltr'>subiret‚&#39;</span> <span class='ocrx_word' id='word_1_145' title='bbox 2028 2936 2143 2995; x_wconf 90' lang='lat' dir='ltr'>per</span> <span class='ocrx_word' id='word_1_146' title='bbox 2210 2912 2471 2977; x_wconf 89' lang='lat' dir='ltr'>Oeacem</span> <span class='ocrx_word' id='word_1_147' title='bbox 2546 2915 2796 2976; x_wconf 85' lang='lat' dir='ltr'>fratrem</span> 
     </span>
     <span class='ocr_line' id='line_1_22' title="bbox 789 3026 2792 3118; baseline 0 -29"><span class='ocrx_word' id='word_1_148' title='bbox 789 3026 865 3089; x_wconf 89' lang='lat' dir='ltr'>de</span> <span class='ocrx_word' id='word_1_149' title='bbox 922 3048 1071 3088; x_wconf 90' lang='lat' dir='ltr'>nece</span> <span class='ocrx_word' id='word_1_150' title='bbox 1134 3047 1244 3087; x_wconf 83' lang='lat' dir='ltr'>sua</span> <span class='ocrx_word' id='word_1_151' title='bbox 1291 3027 1633 3108; x_wconf 88' lang='lat' dir='ltr'>Nauplium</span> <span class='ocrx_word' id='word_1_152' title='bbox 1691 3039 1935 3107; x_wconf 82' lang='lat' dir='ltr'>patrem</span> <span class='ocrx_word' id='word_1_153' title='bbox 1994 3028 2315 3092; x_wconf 82' lang='lat' dir='ltr'>certiorem</span> <span class='ocrx_word' id='word_1_154' title='bbox 2372 3031 2518 3118; x_wconf 75' lang='lat' dir='ltr'>fecit</span> <span class='ocrx_word' id='word_1_155' title='bbox 2579 3028 2792 3090; x_wconf 89' lang='lat' dir='ltr'>callido</span> 
     </span>
     <span class='ocr_line' id='line_1_23' title="bbox 788 3134 2794 3227; baseline 0.001 -24"><span class='ocrx_word' id='word_1_156' title='bbox 788 3140 1067 3203; x_wconf 83' lang='lat' dir='ltr'>artificio.</span> <span class='ocrx_word' id='word_1_157' title='bbox 1169 3138 1262 3204; x_wconf 83' lang='lat' dir='ltr'>‘O</span> <span class='ocrx_word' id='word_1_158' title='bbox 1301 3136 1429 3223; x_wconf 72' lang='grc' dir='ltr'>γάρ</span> <span class='ocrx_word' id='word_1_159' title='bbox 1511 3139 1676 3216; x_wconf 79' lang='grc' dir='ltr'><em>Οἴαξ</em></span> <span class='ocrx_word' id='word_1_160' title='bbox 1730 3134 2112 3227; x_wconf 75' lang='grc' dir='ltr'><strong><em>ἐγχαράττει</em></strong></span> <span class='ocrx_word' id='word_1_161' title='bbox 2181 3144 2455 3216; x_wconf 81' lang='grc' dir='ltr'><strong><em>πολλαῖς</em></strong></span> <span class='ocrx_word' id='word_1_162' title='bbox 2515 3138 2794 3215; x_wconf 79' lang='grc' dir='ltr'><strong><em>πλάταις</em></strong></span> 
     </span>
     <span class='ocr_line' id='line_1_24' title="bbox 787 3245 2789 3340; baseline 0 -18"><span class='ocrx_word' id='word_1_163' title='bbox 787 3251 873 3323; x_wconf 73' lang='grc' dir='ltr'>τοὶ</span> <span class='ocrx_word' id='word_1_164' title='bbox 922 3255 1069 3339; x_wconf 79' lang='grc' dir='ltr'><strong><em>περὶ</em></strong></span> <span class='ocrx_word' id='word_1_165' title='bbox 1121 3245 1866 3337; x_wconf 71' lang='grc' dir='ltr'>τὸν’Παλα,ιιὴδη,,καὶ</span> <span class='ocrx_word' id='word_1_166' title='bbox 1936 3247 2211 3340; x_wconf 79' lang='grc' dir='ltr'><strong><em>οἷφιήσιν</em></strong></span> <span class='ocrx_word' id='word_1_167' title='bbox 2263 3260 2358 3330; x_wconf 78' lang='grc' dir='ltr'>εἰς</span> <span class='ocrx_word' id='word_1_168' title='bbox 2412 3252 2789 3335; x_wconf 75' lang='grc' dir='ltr'><strong><em>θάλασσαν,</em></strong></span> 
     </span>
     <span class='ocr_line' id='line_1_25' title="bbox 786 3360 2787 3456; baseline -0 -20"><span class='ocrx_word' id='word_1_169' title='bbox 786 3366 946 3444; x_wconf 80' lang='grc' dir='ltr'><strong><em>ὥςτε</em></strong></span> <span class='ocrx_word' id='word_1_170' title='bbox 1001 3369 1129 3456; x_wconf 73' lang='grc' dir='ltr'>μιᾷ</span> <span class='ocrx_word' id='word_1_171' title='bbox 1169 3367 1246 3453; x_wconf 80' lang='grc' dir='ltr'>γε’</span> <span class='ocrx_word' id='word_1_172' title='bbox 1303 3392 1438 3434; x_wconf 76' lang='grc' dir='ltr'><strong><em>τινι</em></strong></span> <span class='ocrx_word' id='word_1_173' title='bbox 1512 3360 1632 3434; x_wconf 78' lang='grc' dir='ltr'>τὸν</span> <span class='ocrx_word' id='word_1_174' title='bbox 1695 3362 2065 3435; x_wconf 80' lang='grc' dir='ltr'><strong><em>Ναύπλιον</em></strong></span> <span class='ocrx_word' id='word_1_175' title='bbox 2110 3384 2512 3454; x_wconf 74' lang='grc' dir='ltr'><strong><em>περιπεσεῖν.</em></strong></span> <span class='ocrx_word' id='word_1_176' title='bbox 2593 3371 2787 3435; x_wconf 87' lang='lat' dir='ltr'>Schol.</span> 
     </span>
     <span class='ocr_line' id='line_1_26' title="bbox 784 3481 1703 3562; baseline -0.003 -18"><span class='ocrx_word' id='word_1_177' title='bbox 784 3484 1100 3562; x_wconf 87' lang='lat' dir='ltr'>Aristoph.</span> <span class='ocrx_word' id='word_1_178' title='bbox 1141 3481 1513 3562; x_wconf 90' lang='lat' dir='ltr'>Thesmoph.</span> <span class='ocrx_word' id='word_1_179' title='bbox 1557 3482 1703 3542; x_wconf 84' lang='lat'>768.</span> 
     </span>
    </p>

    <p class='ocr_par' dir='ltr' id='par_1_5' title="bbox 782 3596 2781 4137">
     <span class='ocr_line' id='line_1_27' title="bbox 951 3596 2781 3680; baseline 0 -23"><span class='ocrx_word' id='word_1_180' title='bbox 951 3598 1164 3659; x_wconf 85' lang='lat' dir='ltr'>Restat</span> <span class='ocrx_word' id='word_1_181' title='bbox 1226 3610 1296 3658; x_wconf 92' lang='lat' dir='ltr'>ut</span> <span class='ocrx_word' id='word_1_182' title='bbox 1362 3596 1438 3658; x_wconf 90' lang='lat' dir='ltr'>de</span> <span class='ocrx_word' id='word_1_183' title='bbox 1509 3598 1737 3675; x_wconf 87' lang='lat' dir='ltr'>causis,</span> <span class='ocrx_word' id='word_1_184' title='bbox 1813 3619 1969 3680; x_wconf 88' lang='lat' dir='ltr'>quae</span> <span class='ocrx_word' id='word_1_185' title='bbox 2041 3598 2327 3677; x_wconf 84' lang='lat' dir='ltr'>Ulyssem</span> <span class='ocrx_word' id='word_1_186' title='bbox 2389 3596 2555 3678; x_wconf 86' lang='lat' dir='ltr'>apud</span> <span class='ocrx_word' id='word_1_187' title='bbox 2613 3597 2781 3658; x_wconf 89' lang='lat' dir='ltr'>Euri-</span> 
     </span>
     <span class='ocr_line' id='line_1_28' title="bbox 783 3707 2775 3793; baseline 0.001 -24"><span class='ocrx_word' id='word_1_188' title='bbox 783 3707 1003 3791; x_wconf 83' lang='lat' dir='ltr'>pidem&#39;</span> <span class='ocrx_word' id='word_1_189' title='bbox 1035 3708 1113 3769; x_wconf 87' lang='lat' dir='ltr'>ad</span> <span class='ocrx_word' id='word_1_190' title='bbox 1155 3709 1323 3771; x_wconf 87' lang='lat' dir='ltr'>istud</span> <span class='ocrx_word' id='word_1_191' title='bbox 1363 3712 1559 3772; x_wconf 88' lang='lat' dir='ltr'>scelus</span> <span class='ocrx_word' id='word_1_192' title='bbox 1616 3712 2064 3791; x_wconf 86' lang='lat' dir='ltr'>permoverint,</span> <span class='ocrx_word' id='word_1_193' title='bbox 2114 3708 2417 3793; x_wconf 88' lang='lat' dir='ltr'>quaedam</span> <span class='ocrx_word' id='word_1_194' title='bbox 2471 3709 2775 3773; x_wconf 86' lang='lat' dir='ltr'>addantur.</span> 
     </span>
     <span class='ocr_line' id='line_1_29' title="bbox 785 3821 2773 3905; baseline 0.002 -24"><span class='ocrx_word' id='word_1_195' title='bbox 785 3821 983 3898; x_wconf 84' lang='lat' dir='ltr'>Quam</span> <span class='ocrx_word' id='word_1_196' title='bbox 1026 3821 1094 3881; x_wconf 91' lang='lat' dir='ltr'>in</span> <span class='ocrx_word' id='word_1_197' title='bbox 1143 3823 1403 3901; x_wconf 87' lang='lat' dir='ltr'>prologo</span> <span class='ocrx_word' id='word_1_198' title='bbox 1454 3824 1706 3904; x_wconf 85' lang='lat' dir='ltr'>Ulysses</span> <span class='ocrx_word' id='word_1_199' title='bbox 1764 3824 1896 3905; x_wconf 87' lang='lat' dir='ltr'>ipse</span> <span class='ocrx_word' id='word_1_200' title='bbox 1939 3824 2303 3903; x_wconf 88' lang='lat' dir='ltr'>significavit</span> <span class='ocrx_word' id='word_1_201' title='bbox 2347 3846 2585 3887; x_wconf 89' lang='lat' dir='ltr'>causam</span> <span class='ocrx_word' id='word_1_202' title='bbox 2625 3844 2773 3885; x_wconf 90' lang='lat' dir='ltr'>com-</span> 
     </span>
     <span class='ocr_line' id='line_1_30' title="bbox 782 3934 2766 4023; baseline -0.001 -22"><span class='ocrx_word' id='word_1_203' title='bbox 782 3934 1178 4002; x_wconf 87' lang='lat' dir='ltr'>memoranda</span> <span class='ocrx_word' id='word_1_204' title='bbox 1243 3948 1375 3996; x_wconf 87' lang='lat' dir='ltr'>arte</span> <span class='ocrx_word' id='word_1_205' title='bbox 1432 3937 1813 4015; x_wconf 88' lang='lat' dir='ltr'>Palamedis,</span> <span class='ocrx_word' id='word_1_206' title='bbox 1881 3963 2004 4023; x_wconf 89' lang='lat' dir='ltr'>qua</span> <span class='ocrx_word' id='word_1_207' title='bbox 2066 3942 2215 4002; x_wconf 88' lang='lat' dir='ltr'>olim</span> <span class='ocrx_word' id='word_1_208' title='bbox 2288 3940 2577 4022; x_wconf 88' lang='lat' dir='ltr'>deceptus</span> <span class='ocrx_word' id='word_1_209' title='bbox 2632 3953 2766 4017; x_wconf 87' lang='lat' dir='ltr'>erat,</span> 
     </span>
     <span class='ocr_line' id='line_1_31' title="bbox 784 4048 2766 4137; baseline 0.002 -26"><span class='ocrx_word' id='word_1_210' title='bbox 784 4071 857 4111; x_wconf 85' lang='lat' dir='ltr'>ea</span> <span class='ocrx_word' id='word_1_211' title='bbox 916 4062 1158 4110; x_wconf 88' lang='lat' dir='ltr'>tantum</span> <span class='ocrx_word' id='word_1_212' title='bbox 1226 4048 1449 4127; x_wconf 79' lang='lat' dir='ltr'>abfuit,</span> <span class='ocrx_word' id='word_1_213' title='bbox 1512 4063 1584 4111; x_wconf 89' lang='lat' dir='ltr'>ut</span> <span class='ocrx_word' id='word_1_214' title='bbox 1656 4053 1950 4133; x_wconf 89' lang='lat' dir='ltr'>primaria</span> <span class='ocrx_word' id='word_1_215' title='bbox 2024 4068 2211 4133; x_wconf 87' lang='lat' dir='ltr'>esset,</span> <span class='ocrx_word' id='word_1_216' title='bbox 2285 4068 2355 4116; x_wconf 90' lang='lat' dir='ltr'>ut</span> <span class='ocrx_word' id='word_1_217' title='bbox 2421 4058 2498 4116; x_wconf 88' lang='lat' dir='ltr'>ab</span> <span class='ocrx_word' id='word_1_218' title='bbox 2567 4056 2766 4137; x_wconf 87' lang='lat' dir='ltr'>Ulysse</span> 
     </span>
    </p>
   </div>
   <div class='ocr_carea' id='block_1_3' title="bbox 924 4307 2379 4383">
    <p class='ocr_par' dir='ltr' id='par_1_6' title="bbox 924 4307 2379 4383">
     <span class='ocr_line' id='line_1_32' title="bbox 924 4307 2379 4383; baseline -0.003 -20"><span class='ocrx_word' id='word_1_219' title='bbox 924 4308 1019 4379; x_wconf 83' lang='lat'>25)</span> <span class='ocrx_word' id='word_1_220' title='bbox 1057 4308 1142 4365; x_wconf 85' lang='lat' dir='ltr'>Cf.</span> <span class='ocrx_word' id='word_1_221' title='bbox 1179 4308 1244 4362; x_wconf 90' lang='lat' dir='ltr'>G.</span> <span class='ocrx_word' id='word_1_222' title='bbox 1284 4308 1573 4363; x_wconf 84' lang='lat' dir='ltr'>Hermanni</span> <span class='ocrx_word' id='word_1_223' title='bbox 1606 4308 1773 4383; x_wconf 81' lang='lat' dir='ltr'>praes.</span> <span class='ocrx_word' id='word_1_224' title='bbox 1807 4308 1874 4360; x_wconf 84' lang='lat' dir='ltr'>ad</span> <span class='ocrx_word' id='word_1_225' title='bbox 1907 4307 2048 4362; x_wconf 86' lang='lat' dir='ltr'>Nub.</span> <span class='ocrx_word' id='word_1_226' title='bbox 2095 4326 2146 4378; x_wconf 87' lang='lat' dir='ltr'>p.</span> <span class='ocrx_word' id='word_1_227' title='bbox 2182 4309 2268 4359; x_wconf 78' lang='lat'>3¹1.</span> <span class='ocrx_word' id='word_1_228' title='bbox 2376 4309 2379 4317; x_wconf 85' lang='grc'><strong>’</strong></span> 
     </span>
    </p>
   </div>
   <div class='ocr_carea' id='block_1_4' title="bbox 2931 2245 2937 2964">
    <p class='ocr_par' dir='ltr' id='par_1_7' title="bbox 2931 2245 2937 2964">
     <span class='ocr_line' id='line_1_33' title="bbox 2931 2245 2937 2964; baseline 0 0"><span class='ocrx_word' id='word_1_229' title='bbox 2931 2245 2937 2964; x_wconf 95' lang='lat' dir='ltr'> </span> 
     </span>
    </p>
   </div>
  </div>
 </body>
</html>
