3080 5242
335 563 577 614 veteres
612 549 679 612 in
721 549 1006 629 Piraeeo,
1057 549 1115 611 ei
1154 551 1272 612 hoc
1331 550 1516 611 etiam
1578 551 2013 632 explicandum
2069 561 2188 627 est,
2244 570 2353 610 cur

334 663 620 726 Socrates
659 675 901 730 veteres
942 664 1259 747 Euripidis
1321 663 1666 743 tragoedias
1689 709 1705 740 ,
1763 687 1915 747 quas
1967 666 2033 726 in
2093 664 2349 725 Piraeeo

333 775 491 839 adeo
536 776 858 857 diligebat,
902 777 970 838 in
1021 778 1173 838 urbe
1215 791 1492 858 spectare
1549 782 1841 845 noluerit.
1943 779 2103 840 Nam
2159 778 2352 837 inter-

331 891 487 953 dum
529 891 598 952 in
644 893 801 953 urbe
845 902 1120 971 spectare
1165 903 1440 971 poterat,
1480 892 1771 955 videlicet
1809 893 2067 955 Lenaeis
2106 889 2213 974 Π),
2245 888 2353 951 ubi
2407 901 2415 911 '

328 1024 463 1066 non
488 1002 672 1066 modo
711 1025 927 1082 novae,
971 1002 1080 1065 sed
1114 1004 1299 1065 etiam
1323 1018 1566 1067 veteres
1604 1005 1953 1087 tragoediae
1992 988 2352 1079 edebantur,

330 1116 505 1178 inter
545 1138 694 1199 quas
737 1138 865 1178 non
908 1115 1165 1178 dubium
1213 1129 1333 1194 est,
1386 1119 1539 1200 quin
1607 1119 1925 1181 interdum
1979 1115 2351 1198 Euripideae

331 1230 585 1291 fuerint.
670 1231 797 1291 Has
843 1251 953 1290 cur
995 1232 1065 1292 in
1106 1232 1360 1294 Piraeeo
1405 1245 1685 1314 spectare
1731 1233 2018 1293 maluerit
2061 1252 2245 1314 quam
2286 1231 2353 1292 iu

331 1344 528 1421 urbe,
562 1363 689 1404 non
732 1343 1121 1423 intelligitur.
1206 1345 1399 1406 Immo
1464 1366 1617 1408 vero
1682 1343 1975 1434 credibile
2040 1364 2168 1405 non
2235 1355 2356 1421 est,

331 1478 510 1535 eum,
554 1457 666 1539 qui
707 1458 908 1517 nullas
951 1456 1074 1516 nisi
1116 1476 1307 1519 novas
1349 1457 1693 1537 tragoedias
1739 1470 2017 1537 spectare
2046 1458 2254 1532 vellet,
2287 1442 2356 1516 in

330 1571 661 1653 Piraeeum
705 1591 769 1631 se
812 1571 1176 1648 contulisse,
1230 1584 1301 1631 ut
1342 1548 1586 1634 veteres
1638 1577 1963 1653 spect‘aret.
2068 1570 2356 1633 Ceterum

333 1687 550 1766 parvis
592 1687 943 1769 DionysiiS,
988 1708 1146 1770 quae
1202 1687 1339 1747 ruri
1403 1689 1479 1748 ab
1539 1687 2020 1749 Atheniensibus
2082 1688 2247 1748 laeto
2289 1708 2358 1747 ac

335 1800 497 1862 festo
543 1813 845 1881 apparatu
890 1801 1358 1862 celebrabantur
1392 1797 1514 1882 12),
1566 1817 1694 1860 non
1737 1799 1924 1861 modo
1974 1799 2041 1859 in
2082 1799 2358 1876 PiraeeO,

337 1913 447 1975 sed
493 1915 677 1976 etiam
721 1916 788 1976 in
833 1915 970 1976 aliis
1012 1915 1185 1996 pagis
1227 1913 1362 1975 ludi
1405 1914 1627 1975 scenici
1666 1913 1937 1976 instituti
1988 1926 2152 1976 sunt.
2225 1893 2361 1973 ‘Sed

337 2028 660 2089 Piraeeum
702 2030 1050 2107 theatrum,
1093 2026 1264 2110 q'uod
1313 2026 1477 2089 haud
1536 2027 1831 2106 exiguum
1889 2040 2051 2106 erat,
2108 2027 2358 2088 unicum

336 2140 526 2201 fuisse
568 2140 854 2219 videtur,
884 2141 950 2201 in
985 2160 1121 2223 ‚quo
1163 2158 1361 2202 novae
1394 2139 1639 2200 fabulae
1670 2137 2021 2201 ederentur.
2104 2141 2176 2200 In
2205 2141 2358 2201 urbe

339 2265 547 2313 autem
590 2253 728 2333 ipsa
768 2275 886 2333 per
928 2271 1031 2313 eos
1076 2251 1206 2313 dies
1245 2251 1406 2311 nihil
1451 2264 1656 2312 actum
1693 2273 1825 2314 esse
1876 2252 2161 2330 videtur,
2202 2272 2359 2336 quo-

340 2366 507 2426 niam
551 2366 746 2426 ferme
798 2385 1010 2426 omnes
1054 2386 1162 2426 rus
1212 2362 1637 2425 discesserant.

405 2505 425 2525 ·
510 2482 646 2542 Jam
688 2500 842 2543 vero
886 2481 1240 2562 quaeritur,
1284 2501 1392 2548 cur
1432 2478 1751 2560 Euripidis
1789 2479 2011 2542 Troica
2036 2478 2361 2543 didascalia

340 2597 551 2679 potius
595 2596 672 2678 ad
714 2618 908 2679 parva
950 2597 1256 2680 Dionysia
1302 2593 1402 2661 Ol.
1438 2600 1542 2676 91,
1567 2600 1628 2657 2.
1663 2595 1987 2660 referenda
2015 2597 2128 2677 sit,
2172 2618 2360 2681 quam

345 2712 422 2802 ad
466 2731 686 2792 magna
725 2711 1031 2794 Dionysia
1096 2709 1196 2775 Ol.
1240 2679 1343 2789 9¹1,
1382 2717 1447 2791 13
1503 2733 1647 2774 nam
1700 2712 1957 2774 Lenaeis
2025 2718 2151 2790 ejus
2217 2714 2364 2775 anni

343 2829 587 2907 Agatho
637 2827 790 2890 vicit
826 2824 944 2910 1⁵),
999 2846 1127 2887 non
1190 2826 1518 2887 Xenocles.
1618 2827 1845 2904 Magna
1903 2826 2206 2908 Dionysia
2265 2827 2366 2893 Ol.

344 2947 526 3020 91,1.
568 2941 622 3004 si
664 2940 744 3002 ad
792 2952 1071 3002 nostram
1113 2952 1468 3021 temporum
1509 2940 1818 2999 rationem
1858 2958 2236 3019 revocamus,
2267 2942 2364 3003 in-

348 3053 560 3116 cidunt
603 3053 669 3115 in
712 3053 1011 3113 Martium
1054 3073 1326 3114 mensem
1373 3050 1522 3112 anni
1562 3052 1686 3112 415
1726 3073 1781 3113 a.
1809 3050 2219 3133 Clu-„parva
2257 3076 2380 3117 au·⁴

347 3180 471 3228 tem
512 3167 815 3248 Dionysia
856 3164 1113 3245 Ol.·91,
1144 3170 1204 3228 2.
1260 3166 1542 3228 incidunt
1596 3168 1665 3228 in
1724 3169 2133 3231 Decembrem
2191 3193 2364 3235 men·

347 3302 476 3343 sem
519 3280 790 3357 ejusdem
833 3283 998 3345 anni.
1083 3281 1419 3358 Quaeritur
1459 3283 1689 3361 igitur,
1731 3304 1882 3343 num
1922 3304 2071 3346 vere
2115 3306 2194 3345 an
2231 3286 2364 3347 hie-

347 3415 444 3455 me
486 3394 739 3455 ineunte
782 3394 927 3454 anni
957 3397 1104 3456 415.
1148 3371 1313 3455 edita
1356 3395 1440 3455 sit
1485 3393 1817 3455 didascalia
1851 3395 2092 3457 Troica.
2180 3394 2363 3473 Quod

349 3529 429 3569 ex
482 3507 745 3568 internis
807 3505 1083 3584 indiciis,
1138 3527 1296 3587 quae
1353 3507 1421 3566 in
1476 3506 1614 3587 ipsa
1675 3505 1991 3568 Troadum
2051 3507 2366 3588 tragoedia

487 3779 584 3850 11)
618 3779 828 3852 Magnis
861 3777 1132 3850 Dionysiis
1166 3797 1330 3831 novae
1364 3788 1572 3832 tantum
1606 3777 1904 3851 tragoediae
1939 3777 2366 3850 proferebantur,

349 3878 566 3934 Lenaeis
600 3897 721 3931 vero
759 3888 811 3930 et
848 3897 1015 3930 novae
1053 3888 1105 3930 et
1139 3888 1350 3931 veteres.

490 3983 587 4055 12)
621 3983 834 4039 Boeckh
870 3984 904 4038 l.
938 3984 974 4037 l.
1011 4003 1131 4056 pag.
1158 3986 1248 4038 74.
1281 3987 1368 4038 75.
1504 4061 1507 4062 γ

491 4086 587 4157 13)
622 4088 755 4144 Plan.
791 4086 1038 4162 Sympos.
1071 4101 1124 4161 p.
1162 4091 1282 4143 175.
1319 4087 1379 4142 Ε.
1416 4086 1607 4141 Athen.
1643 4088 1709 4139 V.
1746 4108 1798 4159 p.
1834 4090 1953 4140 217.
1993 4086 2057 4139 A.
